3102 5310
696 579 735 646 le

177 770 196 852 ξ
237 772 288 836 66.
324 771 461 851 ἐμαυτόν
496 769 643 836 ἀναίτιον
677 771 844 848 ἀποδεῖξαι
880 773 947 840 sine
982 776 1081 852 ὄντα,
1118 774 1156 842 of.
1190 778 1209 860 ξ
1245 779 1284 842 19

133 878 271 959 ἐμαυτόν
293 878 438 948 ἀναίτιον
463 878 632 954 ἐπιδεῖξαι.

176 987 194 1070 ἓ
229 989 280 1053 67.
310 986 370 1071 ᾔδη
404 986 438 1051 δὲ
463 987 559 1067 ἔγωγε
584 992 637 1052 καὶ
664 995 814 1074 πρότερον
839 989 919 1076 ἀκοῇ
942 991 1111 1074 ἐπίσταμαι
1134 995 1282 1074 γεγονός,

132 1101 226 1171 τοῦτο
248 1098 307 1178 μὲν
329 1096 401 1171 τοόι,Ι
423 1095 673 1176 ἀποθανόντας,
698 1105 789 1164 τοῦτο
816 1097 850 1164 δὲ
871 1101 946 1172 rode
961 1099 1215 1176 ἀποκτείναντας
1228 1102 1284 1187 οὐχ

131 1203 165 1266 ed
200 1201 330 1280 θέντας.
366 1204 440 1270 Non
474 1204 566 1271 eredo
598 1206 829 1294 Antiphontem
852 1209 933 1274 illud
956 1212 1084 1287 γεγονός
1106 1208 1282 1294 addidisse,

133 1332 154 1398 q
177 1311 218 1377 od
237 1313 394 1380 inutiliter
415 1315 587 1396 sententiae
609 1321 799 1386 structuram
823 1318 940 1383 turbat.

230 1423 282 1487 68.
309 1421 426 1492 ἔπειτα
458 1427 490 1487 οἳ
518 1449 552 1503 γε
582 1423 758 1508 Ἐφιάλτην
777 1425 1026 1499 ἀποκτείναντες
1048 1426 1104 1490 οὐκ
1130 1425 1283 1510 ἐζήτησαν

160 1530 166 1549 ’
223 1530 333 1613 νεκρόν
368 1531 523 1614 ἀφανίσαι
560 1537 622 1597 κτὲ.
656 1532 741 1610 Quid
769 1535 854 1600 istud
877 1541 1101 1621 argumentum
1125 1535 1186 1600 sibi
1207 1537 1286 1602 velit

130 1637 265 1702 minime
287 1637 439 1726 intelligo.

176 1745 221 1811 ib.
255 1753 309 1829 τῆς
343 1751 401 1831 μὲν
426 1747 594 1836 ἐπιβουλῆς
615 1748 732 1816 οὐδένα
751 1753 907 1818 ,κοινωνόν
932 1751 1136 1832 ποιήσασθαι
1151 1756 1205 1814 τοῦ
1228 1757 1288 1814 ea-

131 1858 254 1932 νάτοο,
289 1862 343 1936 τῆς
378 1855 411 1920 δὲ
442 1857 623 1940 duernione.
646 1859 708 1926 Vel
729 1881 820 1926 eures
844 1860 1035 1944 admonent,
1062 1881 1135 1926 oum
1157 1859 1288 1925 Reiskio

130 1969 188 2028 τοῦ
211 1970 359 2030 θανάτου
374 1987 449 2032 ¹esse
470 1966 650 2032 delendum.

176 2075 194 2156 ὅ
231 2076 283 2139 69.
314 2077 368 2136 καὶ
401 2077 490 2158 εἰμὴ
514 2079 690 2160 φοβηθείς,
714 2077 756 2150 ὥς
778 2078 952 2163 ἀνεβόησε,
978 2074 1201 2157 ἐγκαταλιπὼν
1226 2080 1285 2156 τὴν

131 2186 295 2266 μάχαιραν
330 2183 363 2247 ἐν
397 2195 434 2268 τῇ
470 2191 572 2265 σφαγῇ
606 2185 703 2269 ᾤχετο
737 2186 859 2266 φεόγων
893 2172 962 2246 ἀλλ’
987 2182 1132 2268 ἐτόλμησε
1156 2189 1262 2267 μεῖναι
1271 2227 1286 2260 ,,

131 2287 293 2354 ἀπώλοντ’
326 2294 369 2356 ἂν
403 2293 434 2355 οἱ
468 2290 562 2356 ἔνδον
597 2293 749 2366 ἅπαντες.
780 2292 888 2358 Verba
920 2293 962 2367 ὥς
996 2293 1147 2380 ἀνεβόησε
1183 2312 1285 2380 neque

134 2400 295 2487 explioere
316 2420 420 2486 neque
442 2400 609 2467 emendare
632 2423 770 2489 possum.
1281 2385 1285 2402 ’

175 2507 193 2591 §
227 2508 277 2572 74.
303 2511 357 2571 καὶ
379 2511 406 2571 εἰ
427 2511 484 2591 μὲν
506 2508 567 2588 ἐγὼ
590 2513 704 2573 τοότου
726 2507 963 2592 ἀγωνιζομένου
986 2511 1241 2593 κατεμαρτύρουν
1266 2510 1287 2571 ἃ

126 2620 169 2700 μὴ
194 2617 300 2698 σαφῶς
324 2615 413 2702 ᾔδειν
437 2617 486 2702 (in
508 2618 556 2683 ed.
579 2615 654 2702 ᾔδη)
678 2620 758 2702 ιἰκοῇ
783 2616 809 2682 δ’
836 2621 1035 2700 ἠπιστάμην,
1060 2615 1150 2682 δεινὰ
1171 2621 1213 2682 ἂν
1227 2615 1287 2699 ἔφη

130 2730 265 2810 πάσχειν
298 2723 353 2788 ὑπ’
389 2729 471 2807 ἐμοῦ.
508 2726 572 2792 Hie
602 2748 728 2814 quoque
758 2748 819 2791 usu
839 2726 946 2809 venit,
971 2725 1055 2812 quod
1080 2725 1286 2812 supradixi,

129 2833 363 2900 Jernstedtium
392 2834 426 2900 in
458 2835 523 2902 suis
556 2834 829 2902 emendationibus
861 2831 1048 2920 recipiendis
1071 2833 1166 2897 nimis
1190 2834 1288 2898 fuisse

130 2943 356 3008 verecundum.
380 2943 467 3010 Scire
488 2942 573 3008 enim
595 2943 766 3030 pervelim,
790 2963 888 3029 quere
905 2943 1066 3028 egregiam
1077 2962 1168 3006 suam
1181 2963 1286 3007 emen·

132 3049 295 3117 dationem
326 3050 413 3137 ᾔδειν
437 3090 478 3099 -
501 3051 655 3132 ἠπίστατο
677 3053 712 3116 in
733 3051 871 3117 editione
894 3051 1055 3139 spreverit.
1087 3050 1178 3116 Nihil
1202 3050 1288 3116 enim

129 3181 170 3226 ea
191 3161 307 3226 eertins
324 3181 397 3226 ,esse
415 3166 533 3248 potest:
557 3166 717 3226 aecusator
739 3161 803 3244 (vel
824 3161 953 3226 testium
971 3159 1099 3247 aliquis)
1112 3180 1150 3224 ea
1161 3179 1286 3246 quoque

130 3274 242 3333 eontra
263 3289 361 3334 reum
393 3269 559 3356 attulerat,
591 3289 673 3355 qnae
704 3273 793 3355 pater
815 3267 862 3334 rei
884 3274 957 3334 ente
980 3267 1097 3332 multos
1120 3287 1218 3332 annos
1241 3265 1286 3331 fe·

129 3381 237 3461 eeret3
269 3399 322 3442 ees
354 3398 404 3446 res
427 3381 533 3442 eutem
556 3397 628 3442 reus
650 3375 686 3439 οὐ
706 3379 811 3458 σαφῶς
829 3374 943 3463 ᾔδειν,
966 3377 1045 3464 ἀκοῇ
1068 3373 1097 3438 δ’
1120 3376 1284 3455 ἠπίστατο.

127 3485 296 3552 Prseeedit
318 3506 414 3571 ergo:
441 3485 513 3569 „ille
535 3487 569 3550 in
590 3507 642 3551 me
663 3485 703 3550 iis
725 3486 819 3552 rebus
841 3506 917 3550 usus
939 3490 1006 3569 est,
1029 3505 1108 3572 ques
1128 3488 1288 3550 noneerto

129 3593 290 3678 sciebam,
315 3593 369 3660 sed
391 3593 486 3659 fando
508 3593 724 3678 audiveram”;
746 3614 852 3662 nonne
869 3614 927 3660 reo
938 3613 1022 3664 nune
1033 3592 1078 3659 ito
1088 3592 1284 3680 pergendum

127 3706 199 3768 est:
225 3701 271 3785 ,si
293 3723 351 3788 ego
373 3701 408 3767 in
428 3702 535 3793 eliqno
554 3702 677 3788 juditio
695 3707 803 3769 contre
820 3719 928 3770 meum
939 3705 1151 3768 aromatorem
1163 3697 1285 3788 aliquid

127 3831 189 3898 pro
221 3809 401 3876 testimonio
433 3809 605 3895 dixissem,
639 3810 723 3897 qnod
755 3810 810 3876 ille
844 3809 880 3873 οὐ
916 3811 1022 3892 σαφῶς
1044 3807 1132 3894 ᾔδειν
1154 3809 1234 3896 ἀκοῇ
1258 3807 1287 3872 δ’

129 3917 330 3997 ἡπόστοιτο”.ρ
354 3916 417 3984 Sed
439 3917 512 3986 vide
531 3919 631 4007 ipsius
653 3917 840 3988 Jernstedtii
860 3917 1021 4007 egregiam
1038 3916 1285 4006 disputationem
1305 3949 1307 3958 <

129 4025 167 4096 in
189 4026 271 4094 obss.
293 4047 324 4114 p.
348 4028 401 4093 25.
423 4025 454 4113 *)

176 4137 196 4220 ἓ
232 4137 296 4208 76„
321 4136 390 4200 οὔτε
425 4138 484 4222 γὰρ
517 4132 658 4203 ἐκλιπεῖν
680 4142 738 4217 τῆν
760 4133 854 4210 πόλιν
878 4136 1013 4224 εὐπόρως
1024 4141 1060 4226 †)
1082 4132 1165 4224 εἶχεν
1189 4135 1284 4221 αὐτῷ’

47 4453 56 4474 „
153 4408 182 4476 *l
209 4407 358 4461 Jemetedtii
385 4407 568 4460 observationes
591 4422 676 4461 vereor
697 4410 770 4461 utin
785 4410 922 4464 multorum
938 4409 1053 4462 menibus
1069 4410 1128 4462 sint.
1146 4410 1210 4462 Sunt
1227 4413 1294 4463 enim

119 4495 232 4563 repertu
256 4511 287 4548 ex
310 4497 431 4550 Journal
448 4496 482 4548 de
497 4495 537 4548 St.
553 4496 736 4562 Petersbourp.
753 4496 908 4564 Quapropter
924 4497 1072 4564 sperandum
1088 4498 1127 4550 est
1141 4497 1224 4551 virum
1240 4498 1291 4551 ela·

122 4585 260 4640 rmsimum
275 4599 316 4636 ees
333 4596 390 4636 mox
406 4584 542 4648 separaum
557 4583 683 4636 editurum
700 4599 760 4638 esse.

139 4672 190 4752 j)
209 4669 315 4728 Cobotes
330 4685 378 4740 pro
395 4670 523 4738 εόρόπος.
