3102 5310
812 507 854 572 34

256 707 420 788 φάρμακον
454 701 524 786 δοίη
555 703 623 768 sine
652 705 713 788 ἄν,
743 706 799 768 aut
827 701 910 776 ὅπως
940 703 983 764 ἂν
1004 704 1120 785 ἄριστα
1147 699 1255 775 αὐτοῖς
1279 702 1315 765 τὸ
1337 707 1420 785 φάρ-

256 835 359 895 μακον
383 809 463 894 δοίη.

299 921 342 987 ib.
376 921 442 1002 ἅμα
478 918 688 986 διακονοῦσαν
720 913 825 1008 'neque
859 939 918 1007 ego
952 918 1095 1007 intelligo
1128 939 1233 1007 neque
1261 917 1419 986 Reiskius

254 1028 423 1096 intellexit.

296 1138 314 1222 ξ
340 1139 390 1202 19.
412 1141 433 1218 ἦ
455 1133 489 1200 δέ
511 1133 660 1220 παλλακὴ
686 1140 740 1203 τοῦ
765 1133 908 1201 Φιλόνεω
930 1138 989 1217 τὴν
1012 1133 1155 1218 σπονδὴν
1177 1137 1243 1219 ἅμα
1263 1134 1421 1224 ἐγχέουσα

254 1244 387 1318 ἐκείνοις
408 1245 430 1307 ἀ
453 1242 508 1308 οὐκ
528 1241 636 1327 ἔμελλε
658 1242 839 1321 τελεῖσθαι,
866 1235 891 1309 ὦ
913 1242 1045 1329 ἄνδρες,
1070 1242 1171 1330 ἐνέχεε
1190 1245 1225 1310 τὸ
1237 1251 1419 1330 φάρμακον.

253 1353 362 1420 Verba
394 1343 419 1415 ὦ
453 1351 567 1436 ἄνδρες
597 1353 762 1440 interjecta
783 1352 918 1418 suntad
939 1351 1129 1419 movendam
1152 1353 1418 1421 misericordiam.

253 1461 293 1528 ef.
326 1461 391 1528 eie.
424 1482 482 1548 pro
514 1461 607 1528 Rom.
642 1457 717 1526 Am.
740 1463 758 1546 fi
784 1463 844 1526 23:
875 1461 1135 1528 hunemiserum
1160 1489 1200 1526 ι.
1225 1462 1417 1530 ..nudum

209 1587 214 1597 ·
253 1570 340 1656 ejicit
374 1570 468 1660 domo
502 1575 597 1658 atque
629 1570 706 1636 loeis
737 1569 848 1657 patriis
880 1569 991 1656 disque
1019 1569 1188 1657 penatibus
1207 1569 1417 1658 praeeipitem

251 1679 382 1766 judices
404 1679 562 1744 exturbat.
600 1705 603 1712 ⁴

298 1788 316 1873 ξ
339 1788 391 1853 21.
414 1788 469 1851 τόν
492 1783 599 1851 ἀΐδιον
622 1787 737 1873 ,χρόνον
763 1785 928 1870 „cohaeret
951 1806 1025 1851 eum
1047 1782 1236 1870 ἠδικημένῳ.
1256 1783 1418 1873 Injuriam

255 1894 290 1960 in
321 1899 509 1983 perpetuum
542 1894 655 1982 accipit
687 1895 735 1980 is,
770 1895 826 1981 qui
860 1915 931 1960 eam
954 1893 1087 1981 aeeipil,
1111 1913 1193 1981 quae
1214 1893 1303 1960 nullo
1325 1897 1420 1981 pacto

259 2003 461 2091 postmodum
484 2004 622 2090 reparari
642 2004 776 2091 poterii
798 2003 959 2068 Reiskius.

298 2113 317 2197 β
339 2113 391 2177 22.
422 2110 566 2194 δεόμενος
587 2112 674 2194 ὑμῶν
698 2149 739 2160 -
762 2113 784 2176 ἀ
807 2111 886 2193 αὐτὴ
910 2114 1027 2192 ἑαυτὴν
1051 2109 1234 2176 οὐκέπεισε
1255 2113 1297 2194 μὴ
1321 2133 1418 2174 κακο-

258 2229 417 2305 τεχνησαι.
439 2219 544 2286 Locus
567 2219 654 2285 varie
676 2223 815 2284 tentatus
837 2219 883 2284 ila
904 2219 1107 2306 corrigendus
1125 2219 1269 2304 videtur,
1290 2224 1327 2284 ui
1346 2239 1418 2284 sen·

260 2327 361 2393 tentia
382 2326 515 2412 evadet,
539 2326 641 2414 qualis
662 2326 780 2413 legitur
801 2327 873 2413 VI,
896 2330 937 2393 47
949 2350 956 2392 :
980 2331 1047 2402 πῶς
1072 2330 1114 2392 ἂν
1136 2331 1305 2412 ἄνθρωποι
1329 2347 1420 2413 σχετ-

257 2431 399 2518 λιώτερον
430 2432 448 2510 ἢ
472 2435 665 2518 ἀνομώτεροι
688 2433 855 2514 γένοιντο,
881 2437 996 2511 οἵτινες
1019 2437 1098 2521 ἅπερ
1122 2443 1201 2518 σφᾶς
1224 2435 1338 2510 αὐτούς
1359 2435 1417 2500 οὐκ

258 2541 386 2607 ἔπεισαν
416 2547 518 2607 ταῦτα
540 2543 619 2625 ὑμᾶς
640 2542 762 2618 ἀξιοῦσι
783 2548 899 2608 πεῖσαι.
923 2545 1008 2610 Nam
1030 2566 1197 2611 novercam
1221 2544 1282 2610 sibi
1306 2543 1416 2630 culpae
1453 2549 1457 2558 '

259 2651 415 2717 consciam
449 2652 545 2718 luisse
572 2652 641 2737 jam
674 2673 711 2717 eo
740 2652 990 2719 demonstratum
1014 2658 1104 2738 erat,
1127 2652 1213 2741 quod
1237 2655 1304 2740 ejus
1326 2651 1411 2716 filius

257 2780 363 2824 servos
385 2759 425 2826 ad
447 2760 664 2848 quaestionem
685 2759 809 2827 tradere
831 2767 1047 2847 recusaverat,
1072 2767 1104 2828 el
1125 2761 1211 2848 quod
1232 2761 1302 2848 ipsa
1322 2758 1361 2824 de
1380 2778 1415 2824 se

256 2867 397 2934 confessa
428 2872 515 2934 erat:
537 2889 732 2956 quamquam
755 2870 841 2934 enim
866 2871 917 2934 ἐπὶ
941 2868 1061 2955 φίλτρῳ
1082 2891 1115 2935 se
1137 2868 1260 2935 dedisse
1284 2871 1412 2935 eonten-

254 2974 366 3061 debat,
390 2981 498 3042 lemen
520 2980 686 3061 φάρμακον
710 2997 743 3042 se
764 2977 887 3044 dedisse
909 3000 972 3044 non
995 2999 1073 3044 ausa
1097 2982 1165 3044 erat
1186 2997 1313 3064 negare.

298 3082 318 3167 ξ
350 3085 401 3149 23.
438 3082 579 3166 δεήσεται
613 3083 639 3149 δ’
673 3085 757 3167 ὑμῶν
787 3078 877 3161 οὗτος
904 3089 963 3171 μὲν
992 3076 1069 3171 ὑπὲρ
1099 3085 1214 3171 μητρὸς
1242 3091 1297 3167 τῆς
1318 3084 1415 3149 αὑτοῦ

255 3192 365 3278 ζώσης.
380 3193 525 3259 Verbum
545 3191 645 3277 ζώσης
663 3198 699 3257 ul
709 3193 861 3280 frigidum
874 3201 905 3261 et
915 3196 1073 3261 insulsum
1084 3192 1415 3283 improbatReiskius.

298 3302 341 3368 ib.
365 3307 419 3384 τῆς
442 3303 563 3367 ἐκεῖνον
587 3300 838 3388 διαχρησαμένης
860 3301 1001 3390 ἀβοάλισς
1024 3331 1057 3369 τε
1078 3307 1132 3367 καλ
1152 3301 1266 3378 ἀθέως.
1280 3303 1417 3370 Minime

206 3479 207 3484 ,
256 3408 398 3499 ἀβούλως
427 3411 580 3476 maritum
603 3432 696 3476 snum
720 3393 938 3498 interfecerat}
962 3412 1017 3479 sed
1040 3412 1186 3487 ἑκουσίως
1210 3414 1263 3476 καὶ
1286 3409 1416 3498 βονλεδ-

255 3541 336 3584 σασα
369 3521 400 3605 (§
428 3520 494 3604 26).
530 3518 602 3594 Quo
631 3518 725 3585 modo
753 3498 861 3587 tamen
882 3522 923 3587 sit
945 3523 1166 3610 corrigendum
1188 3521 1315 3607 neseio,
1338 3543 1415 3588 nam

255 3625 435 3716 προβούλοις
457 3647 567 3694 vereor
588 3633 624 3693 ut
645 3628 680 3692 in
703 3649 764 3694 usu
784 3629 889 3696 fuerit.

299 3737 342 3804 ib.
377 3737 462 3822 ὑμεῖς
495 3734 529 3802 δέ
552 3737 634 3812 ὅπως
657 3735 767 3802 διδῶσι
789 3737 882 3823 δίκην
905 3741 936 3804 οἱ
958 3739 1158 3828 ἀδικοῦντες,
1181 3740 1296 3807 τούτου
1318 3735 1417 3804 ἕνεκα

256 3843 403 3911 δικασταὶ
440 3844 585 3927 ἐγένεσθε
608 3850 662 3911 καὶ
691 3845 858 3932 ἐκλήθητε.
881 3848 957 3916 Una
979 3856 1026 3918 est
1048 3851 1149 3936 ratio,
1172 3871 1237 3938 qua
1258 3844 1414 3932 ἐκληθητε

255 3955 362 4045 aliquo
385 3954 479 4022 modo
500 3954 626 4023 defendi
649 3957 765 4044 possit:
791 3962 827 4023 ut
849 3957 991 4024 dicamus
1014 3979 1081 4026 esse
1103 3958 1240 4046 figuram
1259 3955 1413 4044 etymolo-

255 4065 381 4152 gicam,
412 4064 513 4153 idque*
541 4064 645 4131 (linere
676 4070 855 4133 oratorem:
886 4071 973 4153 παρὰ
996 4071 1050 4133 τοῦ
1074 4065 1167 4150 δίκην
1190 4063 1317 4132 διδόναι
1340 4063 1416 4140 νοδς

258 4171 448 4248 ἀδικοῦντας
476 4173 561 4257 ὑμεῖς
584 4171 731 4239 δικασταιΙ
756 4173 920 4260 ἐκλήθητε.
945 4176 1147 4243 Praeclaram
1170 4172 1415 4263 etymologiam!

254 4285 399 4373 inquies,
433 4306 491 4350 nee
513 4284 615 4351 mullo
638 4285 745 4352 minua
767 4287 956 4373 ridiculam,
980 4309 1077 4376 quam
1098 4309 1163 4376 qua
1184 4285 1269 4374 apud
1291 4283 1415 4350 Aristo-

256 4394 395 4483 phanem
429 4390 608 4479 Τρίβαλλος
641 4393 704 4459 ἀπὸ
734 4377 790 4460 τοῦ
822 4397 1012 4484 ἐπιτριβείης
1034 4397 1210 4481 formatur;
1232 4413 1336 4483 neque
1357 4412 1417 4479 ego

256 4501 466 4571 contradico.
491 4502 526 4569 ai
547 4507 654 4570 lamen
677 4503 773 4571 alieni
796 4510 863 4572 lam
887 4505 1207 4589 emundandorum,
1230 4508 1266 4569 ut
1288 4523 1359 4568 eam
1377 4499 1418 4566 ab

256 4617 378 4679 oratore
412 4611 519 4678 Attico
555 4615 715 4701 expectari
735 4636 825 4702 posse
852 4620 967 4702 neget,
989 4636 1053 4682 non
1074 4633 1184 4682 recuso
1204 4611 1378 4700 quominus
1398 4631 1420 4676 a
