3102 5310
616 377 841 448 ‘21'

234 574 252 656 ἓ
286 575 339 639 86.
371 571 482 654 ἠξίουν
499 575 572 654 ’μὲν
603 576 662 656 γὰρ
680 666 682 671 Ι
697 543 792 651 ἔγωγε
826 575 897 654 περὶ
921 573 986 636 τῶν
1008 572 1157 636 τοιοάτοον
1180 562 1205 634 ὦ
1227 570 1341 657 ἄνδρες

71 715 76 722 ·
185 671 273 744 εἶναι
301 685 359 762 τὴν
376 679 475 764 Ιδίκην
499 682 581 744 κατὰ
602 681 673 756 τούς
697 685 831 765 νόμους,
853 682 937 745 κατὰ
955 677 1064 762 μέντοι
1087 680 1122 744 τὸ
1147 678 1272 745 δίκαιον
1300 684 1342 758 ὥς

186 784 369 864 πλειστάκις
404 785 601 874 ἐλέγχεσθαι.
636 789 709 855 Non
732 788 844 856 dubito
866 789 944 876 quin
966 789 1127 878 probanda
1149 791 1190 855 sit
1209 791 1339 880 Sauppii

185 898 364 982 sententia,
395 903 466 986 post
496 895 605 978 μέντοι
639 890 812 966 inserentis
836 900 1127 980 rourov23nam11‘
1150 897 1223 983 δίκη
1245 901 1343 986 (judi-

183 1005 286 1091 eium)
319 1028 383 1072 non
417 1003 602 1092 ἐλέγχεταις
635 1004 690 1072 sed
722 1005 902 1094 suspectum
934 1006 1015 1072 mihi
1037 1009 1095 1092 :est
1118 1007 1338 1096 imperfectum

183 1114 309 1196 ἠξίουν.

229 1227 247 1310 §
282 1226 427 1290 87-89.
457 1223 507 1290 De
539 1227 606 1290 toto
637 1222 712 1302 hoo,
729 1223 799 1290 loeo
821 1223 951 1291 uberius
973 1245 1044 1290 sum
1066 1223 1283 1313 disputaturus
1302 1227 1343 1294 ad

185 1333 363 1400 orationem
382 1337 516 1398 sextam.
960 1397 962 1402 ,

229 1448 248 1532 ξ
271 1445 323 1510 91.
347 1443 382 1507 ἓν
402 1445 461 1525 μὲν
485 1443 544 1525 γάρ
565 1439 686 1524 ἀκεστῷ
707 1444 869 1525 πράγματι
891 1442 945 1504 καὶ
969 1437 1044 1524 ἀργῇ
1058 1439 1271 1528 χρησαμένους
1284 1447 1339 1508 καὶ

184 1549 320 1640 διαβολῇ
355 1537 566 1635 πιθομένοιςΙ
584 1547 715 1615 ἔλασσόν
751 1550 835 1615 ἐστιν
871 1549 1068 1636 ἐξαμαρτεῖν.
1100 1552 1250 1618 Reiskius
1271 1558 1342 1640 post

185 1660 319 1727 ἔλασσον
341 1661 451 1728 inserit
471 1658 613 1747 βλάβοςς
631 1664 715 1734 uerte
735 1657 905 1746 legendum
929 1665 976 1725 est
998 1665 1053 1726 aut
1076 1661 1111 1727 τὸ
1133 1659 1338 1746 ἐξαμαρτεῖν,

183 1775 240 1838 aut
261 1770 327 1836 ἔστι
349 1791 423 1836 aum
445 1774 584 1836 aasentu.
823 1855 826 1861 Ι

227 1878 288 1962 ἤδη
304 1877 339 1944 δι’
361 1899 444 1943 τισιν
465 1877 553 1961 ὑμῶν
575 1879 630 1940 καλ
651 1873 855 1960 μετεμέλησεν
878 1873 1100 1941 ἀπολωλεκόσι·
1124 1876 1227 1941 καίτοι
1252 1879 1339 1943 οὔπω
1405 1962 1408 1968 ,

182 1987 258 2070 ὑμῖν
282 1987 509 2071 ἐξαπατηθεῖσι
529 1981 743 2068 μετεμέλησεν.
767 1984 996 2052 Weidneriano
1015 1986 1232 2074 supplemento
1243 1985 1337 2072 (ἀπο-

184 2093 362 2181 λελοιιόσιν)
393 2095 467 2178 ὑμῖν
488 2092 556 2159 οὐδ’
583 2093 810 2177 ἐξαπατηθεῒσι
832 2091 1036 2176 μετεμέλησεν
1063 2115 1172 2161 vereor
1195 2101 1231 2161 ut
1252 2097 1340 2164 loeus

184 2204 318 2270 mutilus
350 2204 510 2270 sarciatur.
545 2202 714 2269 Molestum
747 2201 833 2268 enim
866 2205 913 2266 est
934 2201 969 2266 in
986 2201 1043 2268 tali
1065 2204 1338 2290 argumentatione

184 2313 289 2377 καίτοι
312 2333 369 2400 pro
392 2309 484 2375 ἀλλά.
796 2295 805 2310 ’

226 2423 320 2508 592.
355 2421 497 2484 ἑκούσιον
531 2415 564 2482 δι’
591 2419 666 2493 ’πῶς
698 2419 741 2481 ἂν
774 2415 821 2500 εἰἠ
843 2413 964 2500 μᾶλλον
985 2415 1003 2493 ἢ
1027 2419 1120 2495 εἴτις
1144 2405 1189 2485 ὧν
1214 2417 1334 2507 βουλὴν

182 2535 329 2603 ποιοῖτο,
363 2532 455 2593 τοῦτο
488 2531 678 2612 παραχρῆμα
710 2524 914 2610 ἐξεργάζοιτο.
949 2525 1020 2604 Quo
1053 2527 1147 2594 modo
1180 2529 1221 2595 sit
1243 2530 1338 2596 oorri·

182 2637 323 2726 gendum
348 2623 394 2702 ὧν
419 2633 539 2723 βουλὴν
563 2641 687 2700 ποιοῖτο
709 2658 774 2702 non
794 2635 906 2720 vide03
929 2633 984 2702 sed
1004 2656 1087 2723 quae
1108 2638 1263 2704 sententia
1285 2659 1333 2705 re·

182 2747 327 2836 quitatum
357 2745 559 2834 perspicuum
591 2749 658 2829 est;
685 2743 833 2810 adverbio
856 2743 941 2808 enim
966 2751 1156 2829 παραχρῆμα
1177 2766 1335 2834 opponen-

181 2856 260 2921 dum
289 2859 336 2921 est
359 2853 480 2941 aliquid
502 2851 586 2940 quod
609 2852 767 2939 signifieat
791 2851 866 2935 „ubi
887 2853 1027 2919 eonsulto
1051 2859 1084 2920 et
1102 2854 1198 2942 longa
1219 2855 1336 2922 delibe-

181 2963 304 3029 ratione
326 2983 405 3049 opus
430 2961 508 3026 est.”

227 3073 246 3158 β
268 3071 310 3136 94
344 3090 389 3156 sq.
425 3073 483 3134 νῦν
505 3071 563 3150 μὲν
586 3059 642 3133 οὖν
666 3070 833 3151 γνωρισταλ
855 3067 1004 3148 γίγνεσθε
1026 3073 1081 3150 τῆς
1103 3067 1191 3153 δίκης
1212 3074 1281 3136 τότε
1301 3071 1336 3136 δὲ

182 3177 351 3256 δικασταί,
378 3182 435 3243 νῦν
456 3180 515 3260 μὲν
540 3176 691 3253 δοξασταλ
704 3223 712 3250 ,
737 3175 809 3242 τοτέ
832 3175 867 3241 δὲ
890 3179 995 3260 κριταὶ
1018 3180 1083 3243 τῶν
1106 3174 1250 3262 ἀληθῶν.
1273 3180 1336 3246 Pa-

184 3287 317 3353 rendum
346 3291 394 3352 est
414 3286 546 3352 Reiskio
566 3293 637 3374 post
658 3284 810 3361 δοξασταί
833 3285 929 3352 inseri
946 3287 1074 3371 jubenti
1098 3289 1162 3353 τῶν
1185 3285 1333 3370 ἀδήλων,

180 3417 256 3463 nam
289 3397 329 3459 τὰ
362 3391 469 3479 ἀληθῆ
501 3416 565 3460 non
598 3391 784 3470 δοξάζεται,
820 3399 852 3460 et
881 3391 1006 3474 ἀδήλων
1028 3401 1179 3484 sequente
1201 3393 1335 3481 ἀληθῶν

178 3504 271 3571 fuoile
294 3503 441 3571 excidere
462 3507 594 3590 poterat.

224 3615 243 3699 ξ
265 3615 317 3678 96.
342 3611 478 3694 ἐμαυτὸν
501 3609 682 3693 ἀποστερῶν
705 3608 902 3674 τὸδίκαιον.
926 3609 1042 3678 Nonne
1065 3612 1237 3680 secundum
1258 3617 1334 3702 §78

179 3719 351 3808 legendum
374 3725 421 3786 est
441 3722 497 3783 τοῦ
519 3716 678 3784 innatae?

730 4042 783 4109 ΙΙ.

221 4255 360 4324 Transeo
394 4257 435 4324 ad
468 4255 642 4324 orationem
675 4262 798 4326 sextam
830 4261 901 4343 περλ
924 4263 979 4326 τοῦ
1002 4263 1171 4348 ηορεοτοά,
1198 4268 1230 4329 et
1252 4263 1329 4350 quia

178 4366 273 4433 oredo
290 4387 360 4432 eam
382 4387 450 4432 rem
471 4364 611 4452 aliquam
635 4365 805 4437 utilitatem
823 4369 941 4438 habere
963 4391 1073 4460 posse,
1094 4370 1192 4457 hujus
1215 4371 1330 4458 Judiuii

176 4474 341 4543 historiam
362 4473 572 4562 praemittam.
