3102 5310
817 588 859 652 20

263 775 359 842 ίκανιί
391 779 450 862 γὰρ
482 772 522 860 ἦν
557 779 598 843 τὰ
629 777 762 865 ἐνέχυρα
794 781 816 841 οἳ
849 779 948 865 εἴχετο
968 777 1076 844 αὐτοῦ.
1100 777 1260 868 Equidem
1283 779 1419 846 libenter

262 887 415 953 assentior
435 885 566 952 Reiskio
588 887 758 973 legendum
780 909 847 954 esse
872 889 988 974 είχετες
1015 887 1130 958 deinde
1149 889 1418 976 quoniamneque

262 1000 486 1081 argumentum
520 996 615 1061 ἱκανὰ
648 998 707 1079 γὰρ
743 999 797 1059 stt
819 996 885 1062 ullo
905 996 1038 1063 vinculo
1055 1018 1133 1064 cum-
1152 995 1415 1086 praecedentibus

263 1103 446 1188 cohaereat,
480 1124 582 1191 neque
603 1104 701 1192 priori
721 1106 792 1169 οὔτε
813 1105 950 1171 alterum
972 1105 1042 1169 οὔτε
1065 1105 1271 1192 respondeat,
1295 1100 1416 1192 aliquid

261 1211 415 1277 excidisse
435 1211 519 1298 quod
541 1211 696 1298 significet
722 1232 844 1301 ,neque
865 1233 944 1299 opus
966 1213 1064 1278 erat”.
1089 1211 1218 1279 Etenim
1242 1232 1343 1300 quum
1367 1230 1416 1278 ar·

263 1320 409 1405 gumenti
441 1320 509 1385 loco
537 1325 673 1407 ponatur
706 1321 802 1385 ἱκανὰ
836 1315 875 1402 ἦν
899 1322 939 1384 τὰ
961 1317 1113 1407 ἐνέχυρα,
1137 1319 1345 1405 sufficiebant
1360 1319 1415 1402 pi-

178 1481 181 1488 .
264 1448 389 1514 prora,
412 1428 489 1515 quid
511 1427 599 1494 aliud
620 1434 704 1496 reete
725 1429 910 1517 praeoedere
930 1433 1041 1517 potest,
1055 1449 1172 1518 quam:
1196 1427 1259 1494 bac
1281 1425 1415 1493 coltile

263 1557 300 1600 re
322 1557 401 1621 opas
423 1557 485 1602 μου
509 1537 608 1604 crat?

307 1643 348 1708 In
368 1645 408 1710 iis
430 1666 511 1732 quae
532 1645 628 1733 paulo
650 1664 745 1732 snpra
767 1644 917 1731 legrmtur
941 1641 1136 1710 observanda
1158 1646 1205 1708 est
1225 1641 1292 1708 fere
1309 1639 1424 1727 inepte.

268 1741 426 1841 oppositio
462 1753 729 1819 substantivorum
758 1756 893 1846 1γνώμην
927 1758 959 1818 et
990 1753 1135 1830 εὔνοιαν,
1168 1750 1295 1838 qualem
1328 1745 1417 1813 haud

265 1861 357 1927 facite
376 1861 461 1949 apud
484 1862 673 1928 recentiores
693 1867 832 1929 oratores
851 1862 1006 1929 invenias.

307 1971 469 2036 bonumne
502 1975 551 2036 est
578 1970 660 2056 (ead.
698 1971 716 2056 ἕ
748 1974 843 2057 extr.)
876 1977 967 2038 τοῦτο
1000 1967 1031 2034 δ’
1064 1963 1103 2036 αὗ
1126 1992 1189 2037 non
1210 1965 1419 2057 praecedente

262 2084 354 2145 τοῦτο
384 2082 460 2162 μὲν,
487 2079 541 2146 sed
563 2080 653 2161 οὔτε,
679 2084 736 2146 aut
757 2080 902 2168 (probata
921 2078 1046 2147 Reiskii
1068 2078 1257 2168 suspicione)
1279 2077 1350 2141 οὔτε
1363 2125 1371 2142 .
1385 2123 1416 2142 ..

264 2191 334 2254 οὔτε
378 2187 498 2272 Ρολξ
526 2187 578 2254 82.
1376 2207 1379 2214 “

307 2299 325 2382 ξ
362 2299 413 2362 78.
447 2295 503 2360 ουκ
536 2296 719 2380 decurrerint
753 2299 817 2361 τῶν
851 2299 894 2372 εἰς
926 2301 985 2379 τὴν
1018 2292 1113 2361 πόλιν
1134 2294 1250 2359 ἑαυτὸν
1273 2289 1415 2367 οὐδενός.

262 2407 349 2495 Apte
383 2404 502 2470 confert
535 2404 734 2470 Maetznerus
765 2404 865 2471 Thuc.
897 2404 1018 2492 1,40:
1041 2405 1125 2481 ὅστις
1146 2406 1188 2487 μὴ
1211 2399 1312 2468 ἄλλον
1335 2399 1417 2464 α’πο-

259 2516 378 2598 στερῶν
403 2513 517 2578 ἑαυτὸν
541 2508 714 2594 ἀσφαλείας
737 2510 849 2578 δεῖται.

304 2625 322 2709 §
355 2624 405 2688 79.
439 2617 542 2686 πολλὰ
566 2618 596 2686 d'
620 2623 684 2686 ἐστὶ
707 2623 747 2687 τοί
769 2619 1011 2708 συμβαλλόμενα
1032 2627 1098 2699 τοῖς
1120 2617 1325 2709 βουλομένοις
1348 2620 1416 2685 τῶν

259 2729 434 2815 ἀλλοτρίων
469 2731 623 2814 ἐφίεσθαι.
667 2729 751 2806 Quia
782 2735 957 2818 sequuntur
990 2751 1073 2818 quae
1104 2729 1145 2795 ad
1177 2729 1260 2796 hanc
1288 2732 1416 2796 tontum

261 2861 390 2906 oausam
406 2839 585 2926 pertinent,
606 2838 777 2925 legendum
799 2843 847 2904 est
868 2837 976 2915 αὐτοῖς
1000 2835 1217 2926 βουλομένοις.

303 2950 321 3034 §
342 2950 394 3014 81.
417 2949 457 3012 τὰ
481 2949 524 3022 εἷς
547 2945 620 3022 ’τοὺς
643 2945 811 3022 κινόιίνους
838 2949 968 3028 η’κοντα.
992 2948 1067 3015 Non
1085 2946 1218 3015 menimi
1243 2966 1295 3013 me
1316 2943 1416 3014 talem

262 3056 453 3123 locutionem
476 3056 560 3144 apud
580 3057 679 3122 alium
702 3057 884 3144 scriptorem
905 3055 1072 3124 offendere.

306 3163 432 3241 Reiskii
455 3164 611 3230 sententia
631 3164 666 3228 in
688 3164 792 3230 verbis
814 3165 856 3250 (§1
877 3165 936 3251 in.)
959 3169 1015 3252 χρὴ
1038 3164 1073 3230 δέ
1096 3169 1150 3230 καί
1169 3170 1236 3241 τοῖς
1258 3162 1322 3228 α’πὸ
1344 3164 1413 3228 τῶν

266 3277 353 3338 θεῶν
387 3273 522 3355 σημείοις
544 3274 587 3347 εἷς
609 3274 649 3337 τὰ
671 3277 804 3341 τοιαῦτα
827 3272 883 3359 οὐχ
905 3276 1019 3354 ἣκιστα
1040 3271 1294 3362 τεκμηραμένους
1315 3271 1416 3358 ψηφί·

265 3381 377 3458 ζεσθαι
409 3385 480 3468 poet
510 3381 623 3462 ἣκιστα
658 3379 860 3450 inserendum
885 3402 952 3448 esse
974 3389 1119 3465 πιστοῖς,
1143 3388 1226 3450 certe
1249 3380 1346 3468 digna
1367 3385 1419 3452 ost

263 3490 303 3556 de
327 3511 390 3577 qua
411 3489 611 3556 deliberetur.

307 3601 325 3684 ξ
361 3601 412 3664 85.
448 3600 506 3662 ὃσα
536 3600 594 3682 μὲν
632 3591 689 3663 οὖν
722 3598 756 3662 εἰι
791 3600 856 3664 τῶν
891 3599 1182 3686 κατηγορηθέντων
1203 3590 1415 3684 μέμνημαιῶ

263 3703 376 3792 ἄνδρες
398 3703 641 3790 α’πολελόμημαί
666 3699 754 3790 οἶμαι
777 3706 811 3771 δὲ
834 3708 922 3791 ὑμῶν
946 3709 1226 3796 ἀποψηφίσασθαι.
1248 3708 1417 3775 Dobrseus

263 3812 372 3899 δέομαι
401 3837 458 3903 pro
481 3801 576 3898 οἶμαι.
601 3814 759 3904 Equidem
782 3817 873 3883 eredo
895 3819 1083 3906 particulam
1107 3819 1161 3882 καί
1173 3869 1181 3904 ,
1204 3838 1285 3906 quae
1306 3816 1341 3882 in
1362 3837 1416 3882 co·

262 3924 331 3990 dice
350 3923 536 4011 Grippsiano
556 3929 630 3990 anto
651 3924 738 4008 ὑμῶν
760 3926 894 4012 legitur,
918 3933 1106 4014 argumento
1132 3948 1200 3993 esse
1220 3925 1338 3993 lineam
1356 3945 1416 3991 ex-

264 4032 395 4117 cidisse,
426 4036 458 4097 et
478 4032 584 4098 locum
604 4054 677 4099 eum
695 4033 827 4101 Rciskio
848 4035 894 4100 ita
913 4035 978 4102 fere
999 4035 1191 4124 explendum
1214 4055 1300 4102 esse:
1323 4025 1416 4116 οἶμαι

262 4137 296 4204 δὲ
320 4143 374 4204 καί
395 4141 481 4222 ὑμῶν
505 4147 570 4216 τοῖς
593 4140 750 4216 πλείστοις
776 4143 872 4208 ἱκανοί
894 4142 997 4218 δόξειν
1021 4145 1165 4227 εἰρῆσθαι
1188 4143 1264 4227 πρὸς
1287 4143 1323 4207 τὸ
1337 4141 1414 4224 ἐμοῦ

260 4246 553 4334 ἀποψηφίσασθαι,
588 4271 670 4338 quae
691 4252 847 4319 sententia
867 4252 994 4340 egregie
1015 4251 1275 4340 praecedentibus
1296 4270 1416 4318 annec-

262 4355 350 4422 titur.
1374 4417 1376 4424 ⁴

306 4469 334 4531 εί
357 4465 391 4531 δέ
416 4465 472 4531 teo
494 4467 528 4544 ἐξ
550 4469 619 4543 ένὸς
641 4470 745 4549 ιἰγῶυι
767 4467 963 4554 γεμίνησθον
983 4469 1039 4535 οὐκ
1061 4469 1122 4551 ἐγὼ
1135 4470 1233 4547 αίτος.
1258 4466 1415 4536 Nondum

260 4598 302 4642 ex
335 4597 399 4642 uno
427 4577 550 4662 judicio
571 4576 635 4644 duo
654 4577 737 4644 faeta
759 4585 870 4646 erant:
892 4580 927 4646 id
946 4580 1093 4648 futurum
1110 4579 1245 4648 ‘demum
1263 4581 1336 4644 erat
1355 4597 1417 4645 reo

263 4687 415 4754 absoluto.
436 4685 488 4772 (ef.
503 4687 522 4772 ᾖ
537 4688 600 4774 16).
616 4686 722 4765 Quare
735 4688 909 4756 ridendum
921 4688 1144 4776 anlegeudum
1156 4687 1197 4754 sit
1207 4691 1414 4770 μευησεσθον.
