3102 5310
791 436 876 517 sc'

779 755 838 821 IV.

283 974 405 1058 ,Venio
437 995 541 1059 nunc,
575 995 638 1061 quo
660 994 712 1040 me
733 995 797 1040 non
817 973 972 1061 cupiditas
992 945 1156 1040 ducit‘sed
1178 973 1287 1041 fides''.
1311 975 1396 1041 Pro-

237 1083 311 1150 misi
342 1083 427 1148 enim
456 1103 509 1148 me
531 1083 689 1170 specimen
709 1103 776 1148 esse
798 1082 948 1147 daturum
970 1082 1167 1167 studiorum,
1191 1102 1272 1170 quae
1295 1081 1396 1148 Anti·

235 1192 347 1281 phonti
378 1190 540 1278 impendi:
570 1212 644 1277 ergo
667 1212 707 1256 ne
728 1190 909 1276 tetralogias
930 1189 1058 1276 quidem
1080 1211 1207 1277 prorsus
1228 1191 1396 1278 negligere

234 1321 372 1389 possum.
403 1299 565 1365 Lubenter
584 1305 692 1364 tamen
715 1299 756 1365 ab
778 1299 817 1362 iis
838 1299 1049 1383 abstinerem,
1070 1320 1146 1365 uam
1169 1305 1262 1384 sunt,
1286 1304 1322 1364 ut
1345 1300 1394 1364 ait

238 1408 375 1475 (lobetus
411 1409 518 1496 ,pravi
551 1413 582 1473 et
615 1408 720 1473 vitiosi
753 1407 908 1472 acuminis
936 1407 1080 1494 plenae’',
1104 1413 1136 1473 et
1157 1407 1197 1473 ad
1218 1407 1397 1494 legendum

235 1517 368 1583 minime
383 1518 553 1603 jucundae.
576 1517 662 1603 Ergo
685 1538 725 1582 ne
747 1515 842 1581 nimis
865 1521 896 1580 et
917 1515 998 1580 mihi
1018 1517 1168 1583 molestus
1190 1516 1251 1582 sim
1274 1521 1307 1582 et
1328 1518 1394 1583 leo·

235 1626 375 1710 toribus,
399 1647 451 1690 eas
473 1627 589 1713 eligam
613 1626 852 1708 annotationes,
876 1645 957 1712 quae
980 1623 1020 1690 ad
1042 1624 1259 1710 quaestionem
1279 1624 1390 1691 deha-

235 1755 307 1798 rum
340 1733 604 1800 declamationum
634 1740 760 1799 auctore
783 1734 979 1821 pertineant,
1003 1754 1196 1820 quamquam
1218 1733 1286 1820 ipse
1308 1735 1394 1800 nihil

236 1833 313 1908 certi
345 1847 502 1908 statuam:
538 1865 613 1908 nam
646 1864 719 1908 cum
753 1841 977 1908 Herwerdenis
999 1846 1117 1906 certare
1138 1862 1241 1928 neque
1261 1863 1395 1929 possum

237 1971 340 2036 neque
371 1951 459 2032 volo,
486 1952 666 2038 Pmponam
695 1950 915 2016 tantummodo
944 1949 1118 2034 nonnulla,
1142 1971 1224 2036 quae
1244 1951 1285 2016 ad
1310 1951 1414 2053 hanc·

236 2059 451 2144 quaestionem
474 2059 655 2124 solvendam
667 2081 741 2125 non
762 2059 889 2125 inutilia
910 2058 1086 2124 videantur.

279 2167 377 2234 Pravi
399 2172 430 2232 et
450 2169 555 2234 vitiosi
577 2168 732 2234 acuminis
753 2169 862 2256 plenas
884 2190 936 2234 eas
958 2167 1396 2256 essedinitOobatus,nequc

232 2289 294 2364 'ego
328 2298 479 2365 repugno.
512 2277 600 2342 Num
633 2298 708 2363 ergo
742 2298 778 2343 eo
800 2277 1033 2343 demonstratur
1054 2297 1107 2342 eas
1131 2277 1170 2342 ab
1192 2275 1395 2364 Antiphonte

234 2386 331 2452 scribi
353 2406 416 2451 uon
437 2385 603 2472 potuisse?
625 2385 760 2450 Minime
782 2384 883 2451 credo.
904 2385 988 2451 Nam
1008 2384 1092 2472 quod
1109 2383 1251 2450 taedium
1262 2383 1397 2453 movent

236 2495 422 2578 lectoribus,
451 2495 511 2561 hoc
532 2493 606 2559 inde
629 2495 685 2579 fit,
709 2494 794 2580 quod
816 2514 878 2559 uon
902 2493 942 2558 ad
963 2515 1075 2560 verum
1091 2494 1250 2580 judicium
1271 2495 1393 2561 haben·

235 2609 308 2688 tur,
333 2603 387 2669 sed
409 2603 443 2667 in
465 2603 546 2668 fictis
568 2603 670 2668 causis
692 2608 867 2668 versantur.
888 2601 980 2668 Nihil
1004 2602 1394 2688 ergohabentsidosrostcc

237 2711 410 2798 Lysiacae,
444 2712 496 2777 vel
517 2711 684 2797 gravitatis
702 2717 734 2777 et
755 2710 935 2776 acerbitatis
955 2710 1228 2777 Demostheneae:
1250 2732 1316 2778 non
1335 2712 1395 2778 ho·

237 2820 340 2885 mines
361 2819 444 2885 inter
467 2839 501 2885 se
522 2823 663 2903 certant,
686 2820 741 2908 qui
763 2841 870 2885 rerum
893 2840 1022 2884 suarum
1045 2820 1310 2886 demonstratione
1331 2821 1397 2886 lec·

237 2932 338 2994 torem
373 2928 590 2994 auditoremve
625 2933 794 3012 moveant,
828 2928 883 2994 sed
916 2928 1003 2994 nuda
1033 2935 1222 3015 argumenta
1244 2930 1396 3016 captatio·

236 3056 355 3122 nosque
376 3036 459 3101 inter
481 3057 514 3101 se
538 3041 760 3122 opponuntur,
784 3036 836 3101 vel
858 3037 962 3124 potius
985 3041 1205 3125 proponuntur
1226 3038 1393 3126 exempla,

237 3143 278 3209 ad
299 3165 381 3230 quae
402 3149 590 3230 argumenta
610 3143 644 3208 iu
666 3143 750 3209 reris
773 3145 874 3225 causis
896 3145 1073 3211 forensibus
1095 3146 1240 3233 componi
1261 3147 1393 3234 possint.

238 3250 328 3326 Quae
360 3255 468 3316 autem
500 3272 652 3338 umquam
681 3253 864 3319 exercitatio
885 3253 1069 3319 scholastica
1089 3253 1130 3319 ad
1151 3254 1322 3340 legendum
1339 3257 1396 3342 ju·

235 3357 340 3424 cunda
362 3358 448 3424 fuit?

186 3466 190 3477 '
281 3465 415 3534 Accedit
436 3465 540 3554 quod,
564 3469 710 3554 quamvis
731 3469 795 3534 sint
816 3469 945 3536 subtilia
965 3477 1153 3558 argumenta
1175 3477 1207 3540 et
1227 3471 1299 3539 falsi
1321 3495 1397 3542 acu-

239 3574 356 3661 minis,
390 3580 498 3640 tamen
530 3575 705 3642 minimos
728 3577 795 3643 foro
816 3577 925 3644 Attico
947 3579 1125 3646 abhorrent.
1147 3581 1328 3670 Proponam
1352 3605 1396 3650 cx

240 3683 415 3770 tetralogiis
449 3705 550 3749 unum
582 3685 802 3771 alterumque,
834 3691 866 3753 et
894 3687 1009 3753 addam
1031 3709 1073 3752 ex
1095 3689 1165 3755 aliis
1187 3689 1397 3780 Antiphontis

241 3791 435 3859 orationibus
457 3792 540 3858 locos
563 3792 619 3859 ubi
641 3793 752 3860 eodem
774 3794 868 3861 modo
892 3795 1086 3883 disputatur:

477 3901 526 4073 ‘j'
550 3925 583 4090 ἶ
606 3905 643 4078 {f
662 3902 681 4083 }
701 3976 741 4009 =
763 3952 797 4038 I,
821 3953 884 4038 283
907 3953 956 4038 V,
980 3955 1039 4040 433
1060 3954 1129 4040 VI,
1155 3959 1204 4022 18.

479 4117 527 4184 A.
551 4121 626 4204 (1.2
1048 4109 1050 4118 '

481 4225 528 4293 A.
553 4224 625 4293 d.3

659 4135 803 4316 ἔῃ.
829 4173 881 4238 ec.

481 4334 529 4400 A.
556 4333 584 4401 s.
608 4335 783 4423 2=v1,
808 4341 837 4404 r.

481 4445 524 4508 B.
548 4445 578 4530 β.
602 4446 633 4510 2.
678 4450 862 4533 corruptum
891 4446 1019 4534 quidem
1048 4453 1116 4535 est,
1139 4449 1193 4516 sed
1215 4450 1275 4517 hoc
1295 4474 1394 4541 appa·

242 4552 309 4633 ret,
333 4546 418 4616 idem
441 4548 545 4618 dicere
566 4557 739 4638 oratorem,
764 4554 849 4640 quod
870 4555 988 4642 legitur
1008 4557 1050 4641 V,
1072 4559 1102 4624 5.
