3102 5310
767 523 810 586 30

210 715 230 792 ἦ
250 707 366 795 ψεῦδος
387 714 406 793 ἢ
428 715 504 796 πρός
526 713 641 798 ἐχθρὸν
665 711 682 787 a
706 712 799 795 φίλον
820 721 841 797 η’
863 719 903 782 τὰ
924 720 1068 794 τοιαῦτα,
1088 713 1239 780 dtt’ott'
1252 718 1365 782 ὁτιοῦν

209 817 365 904 διορίζων,
399 819 473 886 ὥστ’
507 823 768 905 ἐπαιτιασάμενός
801 849 838 906 με
873 828 972 907 φόνου
1006 830 1060 890 καί
1084 833 1208 889 τοιοῦτο·
1230 831 1367 907 πρᾶγμα

208 928 379 1008 ἐπαγαγὼν
412 928 495 992 είασε
527 927 585 1011 μίν
620 956 656 1013 με
680 933 829 1016 είςιτήρια
850 933 928 1018 ὑπὲρ
951 939 1006 1016 τῆς
1028 932 1143 1020 βουλῆς
1169 935 1366 1018 ἱεροποιῆσαι

208 1041 262 1102 καί
285 1041 459 1104 caetea
481 1037 701 1130 ιιατάρξασθαι
725 1044 789 1107 τῶν
815 1042 905 1125 ίερῶν
927 1043 1005 1128 ὑπὲρ
1027 1043 1113 1126 ὑμῶν
1136 1046 1190 1107 καί
1212 1039 1286 1123 ὅλης
1306 1047 1366 1115 τῆς

206 1145 336 1228 πόλεως,
361 1145 443 1212 είασε
468 1144 501 1212 δὲ
524 1147 781 1233 οἰρηιθειοροῦντα
803 1149 936 1230 α’γαμεῖν
959 1155 1005 1235 τῷ
1028 1155 1082 1215 Aac
1106 1158 1149 1235 τῷ
1159 1150 1289 1232 Νεμείῳ
1299 1151 1364 1229 τὴν

206 1262 316 1337 κοινὴν
339 1256 417 1339 ὑπὲρ
441 1262 495 1337 τῆς
517 1255 634 1332 πόλεως
656 1259 805 1342 θεωρίαν,
831 1257 966 1342 περιεῖδε
989 1258 1023 1324 δὲ
1047 1264 1117 1334 ταῖς
1134 1263 1259 1342 σεμναῖς
1272 1261 1365 1330 θεοῖς

209 1365 364 1448 ἱεροποιὸν
399 1363 570 1450 αἱρεθέντα
603 1365 637 1440 ἐξ
658 1363 854 1450 Ἀθηναίων
876 1371 1028 1435 ἁπάντων
1053 1369 1159 1452 τρίτον
1183 1365 1280 1432 αὐτὸν
1303 1369 1361 1428 ναὶ

208 1473 444 1559 καταρξάμενον
467 1479 531 1540 τῶν
555 1476 657 1558 ἱερῶν.

251 1583 269 1666 ἓ
303 1585 355 1648 46.
389 1583 493 1647 καίτοι
516 1585 612 1662 ἱκανά
636 1583 666 1663 γ’
688 1579 726 1666 ἦν
749 1586 927 1668 ὑπομνῆσαι
949 1589 1003 1649 καί
1026 1587 1252 1668 ἐνθυμηθῆναι
1274 1581 1364 1666 είπερ

208 1688 375 1770 ἠδικοῦντο
399 1695 462 1757 art.
487 1691 558 1767 Quo
580 1692 674 1758 modo
695 1692 748 1758 hic
769 1693 809 1758 sit
830 1693 1053 1781 explicandum
1067 1697 1120 1757 καί
1134 1695 1364 1775 ἐνθυμηθῆναι

210 1821 274 1867 non
306 1800 415 1885 video;
450 1821 525 1865 nam
557 1799 729 1866 rectissime
761 1800 881 1866 dictum
915 1806 962 1867 est
985 1796 1364 1886 ratesponensem:

209 1931 258 1976 res
291 1914 380 1976 erant
412 1908 565 1992 idoneae,
598 1929 670 1993 qua
705 1907 891 1974 adversariis
913 1909 947 1975 in
973 1910 1158 1975 memoriam
1180 1915 1366 1976 revocarent

211 2019 344 2106 iujurias
377 2037 485 2101 meas;
518 2020 571 2078 καὶ
604 2017 828 2098 ἐνθυμηθῆναι
851 2039 915 2084 non
936 2017 1035 2102 item;
1058 2017 1139 2084 mihi
1162 2017 1290 2105 quidem
1312 2038 1364 2084 se-

210 2128 340 2196 midocti
360 2125 521 2192 annotatio
542 2123 679 2211 videtur.

254 2239 273 2322 ἓ
305 2238 359 2302 48.
382 2239 435 2298 καί
460 2237 486 2298 εἰ
507 2239 583 2316 μήτε
604 2231 685 2296 ἄλλο
707 2239 782 2316 μήτε
806 2227 895 2298 εἷπον
917 2239 992 2318 μήτε
1018 2225 1175 2318 ἀπέφηνα
1188 2239 1263 2316 μήτε
1283 2239 1364 2318 μάρ-

209 2370 306 2429 τυρας
338 2345 549 2429 παρεσχόμην,
583 2340 666 2406 atta
699 2349 799 2406 ταῦτα
832 2342 905 2424 ὑμῖν
928 2340 1080 2418 ἀπέδειξα
1103 2345 1168 2407 ari.
1191 2341 1364 2409 Reiskius:

210 2442 429 2535 ταῦταμόνον
452 2452 525 2531 ὑμῖν
550 2448 711 2524 ἀπέδειξα.
734 2450 834 2517 Recte
855 2455 892 2515 ut
913 2451 1032 2538 opinor.

214 2603 216 2610 ·
254 2567 273 2649 ξ
303 2566 356 2629 49.
390 2557 591 2635 ἐξελάσαντίς
614 2585 656 2643 ,με
688 2562 722 2623 ἐκ
744 2563 798 2624 τοῦ
821 2556 1047 2644 βουλευτηρίου
1069 2559 1180 2640 ὅρκους
1203 2561 1366 2633 τοιούτους

210 2670 417 2754 διομόσαιτο.
440 2670 567 2756 Rogare
589 2669 691 2736 subit:
713 2689 791 2734 uum
813 2689 866 2734 reo
891 2667 932 2732 de
954 2667 1049 2734 caede
1065 2668 1135 2754 jam
1155 2666 1364 2732 interdiceba-

209 2785 263 2846 tur
282 2779 407 2867 legibus
430 2779 605 2864 (εἴργεσθαι
628 2780 692 2844 τῶν
717 2777 869 2860 νομίμων)
892 2779 1064 2862 antequam
1076 2779 1270 2840 accusatores
1276 2776 1366 2861 jure-

203 2889 341 2979 jurando
361 2887 592 2954 accusationem
614 2907 705 2950 suom
728 2885 954 2951 firmaverant?
976 2883 1039 2949 Vel
1062 2883 1108 2949 ita
1130 2883 1251 2948 dicam:
1264 2902 1365 2971 quum

209 3021 251 3066 ex
283 3000 302 3082 ξ
336 2999 376 3062 36
410 2999 559 3082 appareat
592 2995 647 3058 τὸν
683 2990 911 3077 οἷπογραφίντα
931 2991 1096 3075 εἴργεσθαι
1118 2997 1183 3056 τῶν
1208 2992 1361 3074 νομίμων,

211 3106 455 3192 magistratusue
477 3104 548 3186 (rex
569 3103 741 3186 sacrorum)
765 3122 881 3167 nomeu
902 3100 948 3166 rei
966 3102 1035 3186 jam
1057 3105 1130 3166 ante
1153 3121 1250 3186 quam
1274 3121 1364 3168 aecu-

210 3220 295 3282 sator
324 3211 547 3299 jusjurandum
582 3209 709 3276 dederat
741 3210 775 3275 iu
797 3209 906 3274 album
928 3228 1055 3278 reorum
1078 3207 1257 3274 referebat?
1279 3207 1365 3274 Vide

210 3323 465 3390 Schoemaunum
498 3318 538 3386 G.
570 3317 612 3386 A.
646 3341 677 3407 p.
712 3319 786 3384 494.
821 3317 940 3384 Deessc
971 3317 1003 3383 h.
1026 3316 1048 3382 1.
1072 3315 1192 3404 aliquid
1215 3315 1366 3383 Reiskius

206 3432 348 3521 putabat.

661 3727 905 3742 m·-

750 3964 816 4034 III.

251 4185 305 4252 Ad
340 4184 513 4274 oraticnem
545 4181 681 4271 primam
711 4183 906 4265 φαρμακείας
931 4181 1017 4246 ,νατοί
1037 4185 1092 4263 τῆς
1113 4183 1265 4266 μητρυιᾶς
1286 4179 1364 4244 hacc

208 4295 289 4360 mihi
316 4291 511 4362 observanda
531 4295 624 4358 sunt:
826 4363 829 4370 ,

250 4405 270 4489 ξ
303 4405 331 4468 1.
362 4399 474 4475 δεινῶς
503 4399 567 4485 ἔχει
588 4423 641 4482 μοι
664 4402 735 4482 περί
758 4402 812 4465 τοῦ
835 4404 1028 4484 πράγματος.
1051 4399 1135 4466 Mira
1157 4397 1363 4482 σουυίτιισίίο,

206 4513 298 4598 cujus
321 4511 440 4578 frustra
461 4509 549 4576 aliud
571 4511 754 4597 exemplum
776 4509 927 4597 quaesivi.
1291 4587 1293 4594 y

248 4621 267 4706 ᾗ
303 4623 333 4688 3.
365 4615 538 4704 τιμωρῆσαι
570 4622 696 4702 πρῶτον
729 4620 787 4701 μὲν
810 4623 876 4693 τοῖς
899 4621 1004 4700 νόμοις
1027 4621 1092 4690 τοῖς
1116 4613 1285 4701 ὑμετέροις,
1310 4614 1364 4690 οὓς
