3102 5310
810 447 852 508 28

250 646 351 705 ταῦτα
385 639 517 720 μέγιστα
550 642 699 718 τεκμήρια
723 635 794 702 κατ’
820 639 892 721 ἐμοῦ
917 639 1082 702 ἐποιοῦντο
1105 637 1154 700 ότι
1177 633 1301 718 οίληόὴς
1327 629 1367 715 ἦν
1394 638 1416 715 ηΓ

251 749 349 813 αἰτία.
374 749 465 814 Idem
488 751 712 832 argumentum
733 747 830 812 habes
851 747 885 812 in
907 745 1049 812 oratione
1071 745 1176 832 prima
1198 745 1216 828 ξ
1242 746 1292 808 11.

293 859 387 943 ξ26.
422 855 592 936 ἐπίσταμαι
626 851 660 916 δὲ
696 857 749 917 καί
775 853 848 918 τάόε
870 845 895 918 ὦ
918 852 1054 936 ἄνδρες,
1081 854 1131 917 ὅτι
1155 855 1182 916 εί
1203 854 1261 934 μὲν
1286 849 1415 926 τούτοις

225 991 227 998 ·
252 966 324 1048 ἐμοῦ
359 965 614 1048 κατεμαρτύρουν
647 961 679 1024 οἱ
707 967 859 1046 μάρτυρες
892 963 924 1026 οί
945 965 1215 1044 παραγενόμενοι,
1239 959 1345 1036 αὐτοῖς
1364 963 1413 1025 ἂν

252 1077 374 1148 τούτοις
407 1075 620 1158 ι’σγυροτότοις
659 1071 795 1156 ἐχρῶντο
828 1074 882 1134 καί
915 1071 1022 1136 πίστιν
1057 1074 1176 1155 ταύτην
1211 1075 1413 1154 σαφεστάτην

253 1180 444 1264 ἀπέφαινον.
468 1181 559 1246 Idem
581 1185 805 1266 argumentum
826 1179 943 1266 legitur
964 1200 1009 1246 or.
1031 1179 1073 1245 V.
1098 1181 1150 1245 84.

296 1294 314 1377 5
337 1293 389 1358 33.
423 1285 580 1362 ἀποδείξω
611 1287 685 1370 ὑμῖν
707 1289 779 1362 τούς
802 1290 994 1371 κατηγόρους
1016 1288 1146 1364 τούτους
1169 1289 1415 1373 ἐσιορκοτότους

253 1403 359 1474 ὄντας.
385 1397 485 1464 oredo
507 1395 738 1484 Antiphontem
761 1396 864 1463 solum
886 1400 1015 1471 τούτους
1037 1395 1214 1484 scripsisse,
1235 1420 1300 1466 non
1321 1399 1415 1468 addi-

253 1508 336 1574 disse
359 1506 432 1580 τοός
455 1507 659 1587 κατηγόρους.

296 1618 315 1702 ξ
337 1617 389 1681 34.
412 1611 481 1677 οὐδ’
504 1611 594 1676 αὐτοί
617 1609 725 1693 ἠξίουν
747 1613 916 1676 αἰτιᾶσθαι
939 1612 990 1693 ε’μί
1014 1607 1082 1674 οὐδ’
1104 1610 1237 1679 οίόικεῖν.
1255 1614 1333 1680 Post
1343 1612 1418 1678 οὐδ’

257 1723 348 1789 αὐτοί
370 1721 457 1788 aliud
479 1719 556 1808 quid
580 1725 747 1807 expectes,
772 1719 857 1808 quod
878 1725 911 1786 et
933 1741 975 1786 ex
996 1740 1033 1786 eo
1055 1726 1205 1808 apparet,
1229 1722 1313 1809 quod
1334 1744 1416 1788 mox
1535 1783 1536 1818 η

255 1832 341 1900 idem
369 1831 502 1897 verbum
524 1830 694 1892 αἰτιᾶσθαι
716 1828 858 1894 recurrit.
881 1827 955 1894 Non
976 1832 1084 1894 tamen
1106 1849 1181 1895 vera
1204 1830 1329 1897 videtur
1347 1831 1418 1896 edi-

258 1941 335 2006 toris
368 1939 547 2024 oonjectura
575 1934 644 2000 oda’
666 1935 756 2001 αὐτοί
780 1935 889 2018 ἠξίουν
913 1936 1094 2002 α’όικεῖσθαι
1121 1939 1184 2002 οὔτ’
1208 1940 1259 2022 ἐμὲ
1278 1939 1417 2019 οίόικεῖν,

257 2048 333 2135 quis
356 2045 466 2122 ἀξιοῦν
489 2067 553 2112 non
569 2049 676 2134 potat
699 2067 762 2113 uno
784 2045 957 2134 eodemque
974 2046 1274 2134 locosignifieareet
1287 2051 1420 2134 „existi-

256 2156 375 2240 mare”,
401 2159 432 2220 e't
457 2154 589 2238 „vellet

301 2265 395 2348 536.
435 2268 660 2347 κατηγορήσειν
693 2259 824 2344 ἔμελλον
858 2261 1067 2346 Ἀριστίωνος
1101 2266 1154 2327 καί
1189 2262 1325 2330 Φιλίνου
1360 2269 1420 2330 καί

259 2371 467 2455 Ἀμπελίνου
490 2375 544 2436 καί
567 2376 621 2436 τοῦ
641 2370 907 2455 ὑπογραμματέως
930 2375 990 2436 τῶν
1015 2376 1220 2454 θεσμοθετῶν
1232 2377 1305 2456 μεθ’
1319 2357 1419 2460 οὗπερ

259 2479 482 2549 συνίκλεπτον.
518 2480 706 2546 Rectissime
738 2480 841 2546 aditor
872 2483 925 2544 καί
959 2485 1034 2546 anto
1061 2485 1115 2545 τοῦ
1147 2481 1418 2568 ὑπογραμματέως
1536 2507 1537 2580 ρ

258 2591 357 2657 deleri
374 2588 490 2675 jussit3
513 2587 588 2654 vide
608 2588 713 2676 ipsum
734 2588 768 2651 in
792 2588 1079 2674 observationibus3
1093 2591 1284 2676 singularem
1296 2595 1420 2660 tamem

259 2699 325 2765 vim
347 2698 434 2764 loeus
456 2701 640 2784 accepturus
662 2695 809 2780 videtur,
832 2696 860 2761 si
882 2717 955 2762 cum
974 2697 1105 2766 Reiskio
1124 2699 1420 2768 salinseruerimus

260 2811 333 2872 ante
367 2801 596 2870 contutantes:
621 2803 888 2890 quemadmodum
910 2826 975 2870 una
997 2828 1070 2871 cum
1092 2807 1148 2872 illo
1169 2807 1271 2872 scriba
1293 2806 1419 2875 Aristio

259 2920 292 2982 et
313 2914 462 2981 Philinus
483 2912 690 2996 furabantur,
713 2912 759 2976 ita
779 2933 838 2998 ego
859 2934 913 2978 eos
936 2934 1001 2978 una
1022 2919 1224 2982 accusaturus
1250 2937 1348 2982 eram.

302 3022 345 3089 ib.
383 3025 436 3087 καί
472 3020 580 3096 αὐτοῖς
613 3023 646 3084 ἐκ
677 3022 735 3102 μὲν
769 3026 834 3084 τῶν
859 3019 1087 3104 πεπραγμένων
1111 3021 1241 3105 οὐδεμία
1264 3009 1303 3105 ἦν
1327 3020 1422 3099 ε’λπίς

261 3131 498 3214 ἀποφεύξεσθαι
520 3170 561 3180 -
584 3132 703 3195 τοιαῦτ’
727 3129 777 3212 ἄρ’
801 3124 840 3211 ἦν
863 3131 902 3194 τοί
923 3127 1110 3213 ἠδικημένα.
1123 3130 1237 3219 Neque
1245 3132 1423 3220 particulae
1537 3209 1538 3228 ρ

259 3245 345 3325 ἄρα,
371 3262 474 3328 neque
496 3240 668 3327 particulae
691 3242 770 3323 γάρ,
793 3259 889 3326 quam
912 3237 1060 3304 Baiterus
1082 3239 1236 3325 malebat,
1259 3240 1311 3305 hic
1331 3240 1424 3307 loeus

261 3354 330 3434 est,
363 3349 418 3416 sed
452 3347 682 3414 tamtummodo
716 3347 852 3434 simplici
883 3350 1037 3422 τοιαῦτα,
1071 3348 1267 3442 conferatur,
1291 3347 1318 3413 si
1338 3349 1424 3414 tanti

265 3463 313 3524 est
342 3460 360 3544 ξ
383 3459 446 3523 5οε
470 3454 543 3532 ὥςτ’
565 3453 634 3519 οὐδ’
654 3458 696 3519 ἂν
721 3443 807 3519 οὗτοι
830 3452 1006 3542 βούλωνται
1029 3459 1196 3540 ἀρνεῖσθαι
1220 3455 1334 3542 ῥᾳδίως
1356 3451 1423 3520 οἶοί

262 3563 292 3630 τ’
316 3565 457 3632 ξ’σονταιὶ
478 3565 574 3640 οὕτως
596 3565 673 3649 (uon
684 3563 781 3638 οὕτως
791 3562 858 3650 ἄρ’)
871 3563 980 3640 αὐτοῖς
993 3564 1173 3650 πέπρακται
1186 3567 1226 3630 τό
1237 3570 1421 3649 πράγματα.

304 3676 322 3760 ξ
346 3678 397 3742 36.
433 3675 453 3738 ό
474 3676 533 3756 γὰρ
556 3677 649 3754 νόμος
673 3672 769 3747 οὕτως
794 3671 880 3758 ἔχει,
905 3672 1033 3738 ε’πειόάν
1056 3699 1105 3748 τις
1128 3673 1296 3756 ἀπογραφῇ
1320 3677 1424 3757 φόνου

265 3780 379 3866 δίκην,
412 3782 572 3866 εἴργεσθαι
604 3785 665 3846 τῶν
689 3782 838 3864 νομίμων.
884 3781 1003 3848 Vivida
1023 3783 1162 3849 narratio
1185 3782 1225 3848 do
1247 3782 1425 3850 advorsari·

264 3912 355 3957 orum
388 3890 674 3987 machinationibus
707 3889 838 3956 moleste
872 3889 932 3956 hac
962 3890 1077 3978 puerili
1111 3895 1143 3956 et
1164 3912 1292 3979 prorsus
1313 3890 1426 3958 inutili

185 4031 187 4038 ·
264 4000 467 4066 annotatione
487 3999 737 4087 interrumpitur.
760 3997 828 4064 Nec
850 3997 956 4064 minus
977 3997 1111 4065 molesta
1133 4004 1227 4083 sunt,
1249 4019 1331 4086 quse
1341 4019 1425 4064 mox

263 4114 459 4196 sequuntur,
500 4109 597 4175 verba
630 4110 805 4192 εἰργόμενος
838 4109 903 4171 τῶν
937 4107 1085 4188 νομίμων.
1122 4106 1279 4174 Ooncedet
1310 4106 1428 4196 opinor

264 4216 462 4304 quicunque,
498 4221 631 4304 utroque
653 4215 868 4283 additamento
890 4214 1277 4301 omisso,totum-loeu1n
1300 4235 1321 4281 a
1338 4215 1357 4300 ξ
1378 4217 1426 4280 35

266 4324 306 4390 sd
328 4327 346 4410 ξ
369 4327 410 4390 37
434 4325 590 4411 relegerit.

305 4433 348 4498 ib.
373 4437 426 4497 καί
450 4431 535 4498 τοῦτ’
558 4431 614 4497 οὐκ
637 4432 686 4498 ἐπ’
711 4435 778 4516 ἐμοί
801 4434 927 4516 πρῶτον
954 4432 1191 4517 ἐμηχανήσαντο
1214 4428 1346 4505 Φιλῖνος
1366 4427 1425 4492 κοιλ

264 4542 295 4604 οί
327 4539 437 4626 ἐ’τεροι.
479 4541 646 4628 Languida
680 4542 740 4610 hoo
773 4540 893 4608 dictum
928 4544 975 4607 ost
1009 4537 1140 4614 Φιλῖνος
1162 4536 1214 4604 καλ
1240 4539 1271 4603 σί
1293 4536 1426 4622 ἐ’τεροι,
