<?xml version="1.0" encoding="UTF-8"?>
<!DOCTYPE html PUBLIC "-//W3C//DTD XHTML 1.0 Transitional//EN"
    "http://www.w3.org/TR/xhtml1/DTD/xhtml1-transitional.dtd">
<html xmlns="http://www.w3.org/1999/xhtml" xml:lang="en" lang="en">
 <head>
  <title>
</title>
<meta http-equiv="Content-Type" content="text/html;charset=utf-8" />
  <meta name='ocr-system' content='tesseract 3.04.00' />
  <meta name='ocr-capabilities' content='ocr_page ocr_carea ocr_par ocr_line ocrx_word'/>
</head>
<body>
  <div class='ocr_page' id='page_1' title='image "./studiaantiphont00hartgoog_0015.png"; bbox 0 0 3102 5310; ppageno 0'>
   <div class='ocr_carea' id='block_1_1' title="bbox 779 481 819 544">
    <p class='ocr_par' dir='ltr' id='par_1_1' title="bbox 779 481 819 544">
     <span class='ocr_line' id='line_1_1' title="bbox 779 481 819 544; baseline -0.025 0"><span class='ocrx_word' id='word_1_1' title='bbox 779 481 819 544; x_wconf 93' lang='lat'>10</span> 
     </span>
    </p>
   </div>
   <div class='ocr_carea' id='block_1_2' title="bbox 199 672 1370 1098">
    <p class='ocr_par' dir='ltr' id='par_1_2' title="bbox 199 672 1370 1098">
     <span class='ocr_line' id='line_1_2' title="bbox 215 672 1369 763; baseline -0.003 -21"><span class='ocrx_word' id='word_1_2' title='bbox 215 675 441 760; x_wconf 85' lang='lat' dir='ltr'>obversabam,</span> <span class='ocrx_word' id='word_1_3' title='bbox 464 698 526 763; x_wconf 91' lang='lat' dir='ltr'>quo</span> <span class='ocrx_word' id='word_1_4' title='bbox 549 697 633 742; x_wconf 89' lang='lat' dir='ltr'>nuno</span> <span class='ocrx_word' id='word_1_5' title='bbox 654 676 722 742; x_wconf 86' lang='lat' dir='ltr'>looo</span> <span class='ocrx_word' id='word_1_6' title='bbox 743 676 894 762; x_wconf 87' lang='lat' dir='ltr'>leguntur</span> <span class='ocrx_word' id='word_1_7' title='bbox 917 674 1014 740; x_wconf 85' lang='lat' dir='ltr'>verba</span> <span class='ocrx_word' id='word_1_8' title='bbox 1035 677 1100 748; x_wconf 81' lang='grc' dir='ltr'><strong><em>τοῖς</em></strong></span> <span class='ocrx_word' id='word_1_9' title='bbox 1123 677 1192 739; x_wconf 74' lang='grc' dir='ltr'><strong><em>τότε</em></strong></span> <span class='ocrx_word' id='word_1_10' title='bbox 1205 672 1369 752; x_wconf 76' lang='grc' dir='ltr'><strong><em>δικασταῖς</em></strong></span> 
     </span>
     <span class='ocr_line' id='line_1_3' title="bbox 214 782 1370 869; baseline 0.003 -22"><span class='ocrx_word' id='word_1_11' title='bbox 214 785 404 869; x_wconf 83' lang='grc' dir='ltr'><strong><em>ἀπιστήσυν,</em></strong></span> <span class='ocrx_word' id='word_1_12' title='bbox 417 783 549 850; x_wconf 86' lang='lat' dir='ltr'>obseura</span> <span class='ocrx_word' id='word_1_13' title='bbox 559 789 591 850; x_wconf 88' lang='lat' dir='ltr'>et</span> <span class='ocrx_word' id='word_1_14' title='bbox 601 784 733 849; x_wconf 91' lang='lat' dir='ltr'>minime</span> <span class='ocrx_word' id='word_1_15' title='bbox 743 789 887 849; x_wconf 83' lang='lat' dir='ltr'>accurate</span> <span class='ocrx_word' id='word_1_16' title='bbox 897 782 1070 848; x_wconf 80' lang='lat' dir='ltr'>dictasunt.</span> <span class='ocrx_word' id='word_1_17' title='bbox 1082 782 1167 849; x_wconf 89' lang='lat' dir='ltr'>Nam</span> <span class='ocrx_word' id='word_1_18' title='bbox 1178 785 1319 850; x_wconf 87' lang='lat' dir='ltr'>nondum</span> <span class='ocrx_word' id='word_1_19' title='bbox 1331 785 1370 852; x_wconf 91' lang='lat' dir='ltr'>de</span> 
     </span>
     <span class='ocr_line' id='line_1_4' title="bbox 215 890 1370 981; baseline 0.002 -23"><span class='ocrx_word' id='word_1_20' title='bbox 215 893 333 981; x_wconf 81' lang='lat' dir='ltr'>duplici</span> <span class='ocrx_word' id='word_1_21' title='bbox 365 913 480 979; x_wconf 83' lang='lat' dir='ltr'>genere</span> <span class='ocrx_word' id='word_1_22' title='bbox 508 892 655 979; x_wconf 84' lang='lat' dir='ltr'>judicum</span> <span class='ocrx_word' id='word_1_23' title='bbox 689 891 863 978; x_wconf 80' lang='lat' dir='ltr'>quidquam</span> <span class='ocrx_word' id='word_1_24' title='bbox 886 890 1006 955; x_wconf 83' lang='lat' dir='ltr'>dietum</span> <span class='ocrx_word' id='word_1_25' title='bbox 1029 896 1096 974; x_wconf 89' lang='lat' dir='ltr'>est,</span> <span class='ocrx_word' id='word_1_26' title='bbox 1119 896 1151 956; x_wconf 90' lang='lat' dir='ltr'>et</span> <span class='ocrx_word' id='word_1_27' title='bbox 1173 893 1258 978; x_wconf 90' lang='lat' dir='ltr'>quod</span> <span class='ocrx_word' id='word_1_28' title='bbox 1279 915 1370 960; x_wconf 81' lang='lat' dir='ltr'>anou-</span> 
     </span>
     <span class='ocr_line' id='line_1_5' title="bbox 199 997 1369 1098; baseline 0 -31"><span class='ocrx_word' id='word_1_29' title='bbox 199 1006 301 1098; x_wconf 36' lang='lat' dir='ltr'>‚sator</span> <span class='ocrx_word' id='word_1_30' title='bbox 329 999 559 1087; x_wconf 74' lang='grc' dir='ltr'>ἀμφισβήτησιν</span> <span class='ocrx_word' id='word_1_31' title='bbox 581 997 772 1084; x_wconf 72' lang='grc' dir='ltr'><strong><em>ὑπελίπετο,</em></strong></span> <span class='ocrx_word' id='word_1_32' title='bbox 795 1021 832 1065; x_wconf 89' lang='lat' dir='ltr'>eo</span> <span class='ocrx_word' id='word_1_33' title='bbox 856 999 1083 1065; x_wconf 83' lang='lat' dir='ltr'>demonstravit</span> <span class='ocrx_word' id='word_1_34' title='bbox 1105 1020 1138 1064; x_wconf 89' lang='lat' dir='ltr'>se</span> <span class='ocrx_word' id='word_1_35' title='bbox 1160 1007 1189 1065; x_wconf 84' lang='lat' dir='ltr'>et</span> <span class='ocrx_word' id='word_1_36' title='bbox 1205 1000 1369 1085; x_wconf 84' lang='lat' dir='ltr'>judicibus</span> 
     </span>
    </p>
   </div>
   <div class='ocr_carea' id='block_1_3' title="bbox 144 1106 1371 4121">
    <p class='ocr_par' dir='ltr' id='par_1_3' title="bbox 209 1106 1371 2385">
     <span class='ocr_line' id='line_1_6' title="bbox 214 1106 1368 1195; baseline 0.001 -21"><span class='ocrx_word' id='word_1_37' title='bbox 214 1110 249 1174; x_wconf 92' lang='lat' dir='ltr'>in</span> <span class='ocrx_word' id='word_1_38' title='bbox 283 1110 476 1191; x_wconf 76' lang='grc' dir='ltr'><strong><em>κακουργίας</em></strong></span> <span class='ocrx_word' id='word_1_39' title='bbox 502 1109 645 1195; x_wconf 81' lang='lat' dir='ltr'>judicio,</span> <span class='ocrx_word' id='word_1_40' title='bbox 680 1117 709 1174; x_wconf 83' lang='lat' dir='ltr'>at</span> <span class='ocrx_word' id='word_1_41' title='bbox 737 1109 777 1173; x_wconf 92' lang='lat' dir='ltr'>iis</span> <span class='ocrx_word' id='word_1_42' title='bbox 808 1108 863 1195; x_wconf 92' lang='lat' dir='ltr'>qui</span> <span class='ocrx_word' id='word_1_43' title='bbox 895 1107 935 1173; x_wconf 91' lang='lat' dir='ltr'>de</span> <span class='ocrx_word' id='word_1_44' title='bbox 956 1106 1051 1172; x_wconf 82' lang='lat' dir='ltr'>caede</span> <span class='ocrx_word' id='word_1_45' title='bbox 1067 1107 1242 1193; x_wconf 85' lang='lat' dir='ltr'>judicaturi</span> <span class='ocrx_word' id='word_1_46' title='bbox 1264 1115 1368 1175; x_wconf 88' lang='lat' dir='ltr'>essent</span> 
     </span>
     <span class='ocr_line' id='line_1_7' title="bbox 214 1214 1368 1294; baseline -0.003 -12"><span class='ocrx_word' id='word_1_47' title='bbox 214 1216 366 1282; x_wconf 88' lang='lat' dir='ltr'>diffidere.</span> <span class='ocrx_word' id='word_1_48' title='bbox 390 1215 453 1282; x_wconf 90' lang='lat' dir='ltr'>His</span> <span class='ocrx_word' id='word_1_49' title='bbox 475 1216 514 1282; x_wconf 87' lang='lat' dir='ltr'>de</span> <span class='ocrx_word' id='word_1_50' title='bbox 537 1214 638 1282; x_wconf 85' lang='lat' dir='ltr'>causis</span> <span class='ocrx_word' id='word_1_51' title='bbox 660 1215 753 1282; x_wconf 86' lang='lat' dir='ltr'>oredo</span> <span class='ocrx_word' id='word_1_52' title='bbox 774 1217 872 1282; x_wconf 82' lang='lat' dir='ltr'>verba</span> <span class='ocrx_word' id='word_1_53' title='bbox 894 1217 937 1291; x_wconf 81' lang='grc' dir='ltr'><strong><em>ὥς</em></strong></span> <span class='ocrx_word' id='word_1_54' title='bbox 960 1219 1013 1280; x_wconf 79' lang='grc' dir='ltr'><strong><em>καὶ</em></strong></span> <span class='ocrx_word' id='word_1_55' title='bbox 1037 1222 1102 1290; x_wconf 80' lang='grc' dir='ltr'><strong><em>τοῖς</em></strong></span> <span class='ocrx_word' id='word_1_56' title='bbox 1123 1222 1192 1279; x_wconf 73' lang='lat' dir='ltr'>sors</span> <span class='ocrx_word' id='word_1_57' title='bbox 1204 1215 1368 1294; x_wconf 85' lang='grc' dir='ltr'><strong><em>δικασταῖς</em></strong></span> 
     </span>
     <span class='ocr_line' id='line_1_8' title="bbox 213 1323 1367 1411; baseline 0.003 -23"><span class='ocrx_word' id='word_1_58' title='bbox 213 1323 392 1404; x_wconf 78' lang='grc' dir='ltr'><strong><em>ἀπιστησων</em></strong></span> <span class='ocrx_word' id='word_1_59' title='bbox 416 1325 455 1390; x_wconf 92' lang='lat' dir='ltr'>ab</span> <span class='ocrx_word' id='word_1_60' title='bbox 478 1323 675 1410; x_wconf 87' lang='lat' dir='ltr'>Antiphonte</span> <span class='ocrx_word' id='word_1_61' title='bbox 696 1325 760 1389; x_wconf 90' lang='lat' dir='ltr'>alia</span> <span class='ocrx_word' id='word_1_62' title='bbox 781 1325 855 1390; x_wconf 88' lang='lat' dir='ltr'>sede</span> <span class='ocrx_word' id='word_1_63' title='bbox 876 1346 943 1390; x_wconf 89' lang='lat' dir='ltr'>esse</span> <span class='ocrx_word' id='word_1_64' title='bbox 965 1325 1082 1411; x_wconf 85' lang='lat' dir='ltr'>posita&#39;,</span> <span class='ocrx_word' id='word_1_65' title='bbox 1105 1329 1137 1390; x_wconf 86' lang='lat' dir='ltr'>et</span> <span class='ocrx_word' id='word_1_66' title='bbox 1148 1329 1250 1389; x_wconf 90' lang='lat' dir='ltr'>totum</span> <span class='ocrx_word' id='word_1_67' title='bbox 1260 1325 1367 1391; x_wconf 84' lang='lat' dir='ltr'>losum</span> 
     </span>
     <span class='ocr_line' id='line_1_9' title="bbox 214 1431 1368 1518; baseline -0.002 -20"><span class='ocrx_word' id='word_1_68' title='bbox 214 1433 258 1498; x_wconf 88' lang='lat' dir='ltr'>sio</span> <span class='ocrx_word' id='word_1_69' title='bbox 290 1454 358 1498; x_wconf 88' lang='lat' dir='ltr'>esse</span> <span class='ocrx_word' id='word_1_70' title='bbox 394 1433 669 1499; x_wconf 84' lang='lat' dir='ltr'>constituendum:</span> <span class='ocrx_word' id='word_1_71' title='bbox 693 1431 805 1496; x_wconf 74' lang='grc' dir='ltr'><strong><em>ἔπειτα</em></strong></span> <span class='ocrx_word' id='word_1_72' title='bbox 830 1431 862 1496; x_wconf 80' lang='grc' dir='ltr'>δὲ</span> <span class='ocrx_word' id='word_1_73' title='bbox 887 1432 943 1518; x_wconf 78' lang='grc' dir='ltr'>οὐχ</span> <span class='ocrx_word' id='word_1_74' title='bbox 966 1434 1007 1507; x_wconf 82' lang='grc' dir='ltr'><strong><em>ὠς</em></strong></span> <span class='ocrx_word' id='word_1_75' title='bbox 1030 1436 1184 1496; x_wconf 75' lang='grc' dir='ltr'><strong><em>πιστέάων</em></strong></span> <span class='ocrx_word' id='word_1_76' title='bbox 1202 1437 1247 1516; x_wconf 83' lang='grc' dir='ltr'><strong><em>τῷ</em></strong></span> <span class='ocrx_word' id='word_1_77' title='bbox 1269 1437 1368 1517; x_wconf 87' lang='grc' dir='ltr'><strong><em>πράγ-</em></strong></span> 
     </span>
     <span class='ocr_line' id='line_1_10' title="bbox 212 1539 1368 1627; baseline 0.001 -22"><span class='ocrx_word' id='word_1_78' title='bbox 212 1565 289 1622; x_wconf 89' lang='grc' dir='ltr'><strong><em>ματι</em></strong></span> <span class='ocrx_word' id='word_1_79' title='bbox 309 1540 591 1627; x_wconf 77' lang='grc' dir='ltr'><strong><em>ἀναμφισβητήτως</em></strong></span> <span class='ocrx_word' id='word_1_80' title='bbox 609 1539 669 1606; x_wconf 67' lang='grc' dir='ltr'><strong><em>ἕνα</em></strong></span> <span class='ocrx_word' id='word_1_81' title='bbox 687 1543 743 1606; x_wconf 86' lang='grc' dir='ltr'><strong><em>τὸν</em></strong></span> <span class='ocrx_word' id='word_1_82' title='bbox 759 1541 870 1620; x_wconf 81' lang='grc' dir='ltr'><strong><em>ἀγῶνα</em></strong></span> <span class='ocrx_word' id='word_1_83' title='bbox 882 1549 951 1625; x_wconf 73' lang='grc' dir='ltr'><strong><em>περὶ</em></strong></span> <span class='ocrx_word' id='word_1_84' title='bbox 963 1545 1018 1606; x_wconf 82' lang='grc' dir='ltr'><strong><em>τοῦ</em></strong></span> <span class='ocrx_word' id='word_1_85' title='bbox 1029 1547 1210 1624; x_wconf 85' lang='grc' dir='ltr'><strong><em>πράγματος</em></strong></span> <span class='ocrx_word' id='word_1_86' title='bbox 1222 1543 1368 1623; x_wconf 77' lang='grc' dir='ltr'><strong><em>ἐποιήσω,</em></strong></span> 
     </span>
     <span class='ocr_line' id='line_1_11' title="bbox 212 1645 1369 1737; baseline 0.003 -27"><span class='ocrx_word' id='word_1_87' title='bbox 212 1645 286 1711; x_wconf 84' lang='grc' dir='ltr'><strong><em>ἀλλ’</em></strong></span> <span class='ocrx_word' id='word_1_88' title='bbox 323 1650 553 1737; x_wconf 81' lang='grc' dir='ltr'><strong><em>ἀμφισβήτησιν</em></strong></span> <span class='ocrx_word' id='word_1_89' title='bbox 588 1653 641 1714; x_wconf 84' lang='grc' dir='ltr'><strong><em>καὶ</em></strong></span> <span class='ocrx_word' id='word_1_90' title='bbox 665 1647 760 1729; x_wconf 87' lang='grc' dir='ltr'><strong><em>λόγον</em></strong></span> <span class='ocrx_word' id='word_1_91' title='bbox 782 1648 950 1715; x_wconf 81' lang='grc' dir='ltr'><strong><em>ὑπελίπου.</em></strong></span> <span class='ocrx_word' id='word_1_92' title='bbox 975 1651 1051 1725; x_wconf 81' lang='grc' dir='ltr'><strong><em>ὥςτε</em></strong></span> <span class='ocrx_word' id='word_1_93' title='bbox 1073 1649 1146 1734; x_wconf 79' lang='grc' dir='ltr'><strong><em>μηδ’</em></strong></span> <span class='ocrx_word' id='word_1_94' title='bbox 1169 1651 1369 1733; x_wconf 73' lang='grc' dir='ltr'><strong><em>ἀποφυγόντι</em></strong></span> 
     </span>
     <span class='ocr_line' id='line_1_12' title="bbox 211 1753 1369 1849; baseline 0.003 -30"><span class='ocrx_word' id='word_1_95' title='bbox 211 1780 264 1839; x_wconf 89' lang='grc' dir='ltr'><strong><em>μοι</em></strong></span> <span class='ocrx_word' id='word_1_96' title='bbox 296 1755 396 1849; x_wconf 81' lang='grc' dir='ltr'><strong><em>μηδὲν</em></strong></span> <span class='ocrx_word' id='word_1_97' title='bbox 430 1756 527 1822; x_wconf 79' lang='grc' dir='ltr'><strong><em>πλέον</em></strong></span> <span class='ocrx_word' id='word_1_98' title='bbox 559 1753 655 1839; x_wconf 80' lang='grc' dir='ltr'><strong><em>εἶναι,</em></strong></span> <span class='ocrx_word' id='word_1_99' title='bbox 688 1756 759 1823; x_wconf 87' lang='grc' dir='ltr'><strong><em>ἀλλ’</em></strong></span> <span class='ocrx_word' id='word_1_100' title='bbox 784 1759 900 1833; x_wconf 71' lang='grc' dir='ltr'><strong><em>ἐξεῖναι</em></strong></span> <span class='ocrx_word' id='word_1_101' title='bbox 924 1781 972 1823; x_wconf 88' lang='grc' dir='ltr'><strong><em>σοι</em></strong></span> <span class='ocrx_word' id='word_1_102' title='bbox 995 1757 1098 1839; x_wconf 74' lang='grc' dir='ltr'><strong><em>λέγειν</em></strong></span> <span class='ocrx_word' id='word_1_103' title='bbox 1111 1759 1141 1844; x_wconf 86' lang='grc'>*)</span> <span class='ocrx_word' id='word_1_104' title='bbox 1163 1760 1212 1823; x_wconf 86' lang='grc' dir='ltr'>ὃτι</span> <span class='ocrx_word' id='word_1_105' title='bbox 1236 1783 1369 1845; x_wconf 83' lang='grc' dir='ltr'><strong><em>κακουρ·</em></strong></span> 
     </span>
     <span class='ocr_line' id='line_1_13' title="bbox 211 1857 1371 1951; baseline 0.003 -23"><span class='ocrx_word' id='word_1_106' title='bbox 211 1865 333 1951; x_wconf 61' lang='grc' dir='ltr'><strong><em>γίοιςῒ)</em></strong></span> <span class='ocrx_word' id='word_1_107' title='bbox 367 1864 545 1948; x_wconf 73' lang='grc' dir='ltr'><strong><em>ἀπέφυγον,</em></strong></span> <span class='ocrx_word' id='word_1_108' title='bbox 577 1864 649 1929; x_wconf 82' lang='grc' dir='ltr'><strong><em>ἀλλ’</em></strong></span> <span class='ocrx_word' id='word_1_109' title='bbox 679 1865 715 1930; x_wconf 79' lang='grc' dir='ltr'>οὐ</span> <span class='ocrx_word' id='word_1_110' title='bbox 744 1873 800 1931; x_wconf 81' lang='grc' dir='ltr'><strong><em>τοῦ</em></strong></span> <span class='ocrx_word' id='word_1_111' title='bbox 831 1871 930 1949; x_wconf 88' lang='grc' dir='ltr'><strong><em>φόνου</em></strong></span> <span class='ocrx_word' id='word_1_112' title='bbox 959 1871 1018 1949; x_wconf 73' lang='grc' dir='ltr'><strong><em>τὴν</em></strong></span> <span class='ocrx_word' id='word_1_113' title='bbox 1043 1866 1145 1950; x_wconf 76' lang='grc' dir='ltr'><strong><em>δίκην</em></strong></span> <span class='ocrx_word' id='word_1_114' title='bbox 1170 1864 1251 1932; x_wconf 77' lang='grc' dir='ltr'><strong><em>ἑλὼν</em></strong></span> <span class='ocrx_word' id='word_1_115' title='bbox 1275 1864 1305 1931; x_wconf 84' lang='grc' dir='ltr'>δ’</span> <span class='ocrx_word' id='word_1_116' title='bbox 1329 1857 1371 1932; x_wconf 77' lang='grc' dir='ltr'><strong><em>αὖ</em></strong></span> 
     </span>
     <span class='ocr_line' id='line_1_14' title="bbox 211 1972 1369 2060; baseline 0.001 -23"><span class='ocrx_word' id='word_1_117' title='bbox 211 1973 354 2050; x_wconf 73' lang='grc' dir='ltr'><strong><em>ἀξιώσεις</em></strong></span> <span class='ocrx_word' id='word_1_118' title='bbox 383 1999 419 2057; x_wconf 77' lang='grc' dir='ltr'>με</span> <span class='ocrx_word' id='word_1_119' title='bbox 449 1975 636 2039; x_wconf 79' lang='grc' dir='ltr'><strong><em>ἀποκτεῖναι</em></strong></span> <span class='ocrx_word' id='word_1_120' title='bbox 658 1977 701 2050; x_wconf 80' lang='grc' dir='ltr'><strong><em>ὥς</em></strong></span> <span class='ocrx_word' id='word_1_121' title='bbox 722 1983 777 2039; x_wconf 80' lang='grc' dir='ltr'><strong><em>τοῦ</em></strong></span> <span class='ocrx_word' id='word_1_122' title='bbox 801 1980 900 2056; x_wconf 84' lang='grc' dir='ltr'><strong><em>φόνου</em></strong></span> <span class='ocrx_word' id='word_1_123' title='bbox 924 1981 982 2058; x_wconf 80' lang='grc' dir='ltr'><strong><em>τὴν</em></strong></span> <span class='ocrx_word' id='word_1_124' title='bbox 1003 1975 1095 2059; x_wconf 84' lang='grc' dir='ltr'><strong><em>δίκην</em></strong></span> <span class='ocrx_word' id='word_1_125' title='bbox 1118 1972 1300 2060; x_wconf 79' lang='grc' dir='ltr'><strong><em>ὠφληκότα,</em></strong></span> <span class='ocrx_word' id='word_1_126' title='bbox 1326 1977 1369 2052; x_wconf 82' lang='grc' dir='ltr'><strong><em>ὥς</em></strong></span> 
     </span>
     <span class='ocr_line' id='line_1_15' title="bbox 211 2083 1370 2172; baseline 0.003 -26"><span class='ocrx_word' id='word_1_127' title='bbox 211 2086 265 2146; x_wconf 84' lang='grc' dir='ltr'><strong><em>καλ</em></strong></span> <span class='ocrx_word' id='word_1_128' title='bbox 299 2088 366 2157; x_wconf 84' lang='grc' dir='ltr'><strong><em>τοῖς</em></strong></span> <span class='ocrx_word' id='word_1_129' title='bbox 398 2086 468 2148; x_wconf 75' lang='grc' dir='ltr'><strong><em>τότε</em></strong></span> <span class='ocrx_word' id='word_1_130' title='bbox 503 2083 667 2158; x_wconf 76' lang='grc' dir='ltr'><strong><em>δικασταῖς</em></strong></span> <span class='ocrx_word' id='word_1_131' title='bbox 700 2083 890 2164; x_wconf 83' lang='grc' dir='ltr'><strong><em>ἀπιστήσων.</em></strong></span> <span class='ocrx_word' id='word_1_132' title='bbox 924 2085 1019 2150; x_wconf 84' lang='lat' dir='ltr'>Nune</span> <span class='ocrx_word' id='word_1_133' title='bbox 1051 2091 1196 2172; x_wconf 81' lang='lat' dir='ltr'>apertum</span> <span class='ocrx_word' id='word_1_134' title='bbox 1229 2090 1276 2151; x_wconf 82' lang='lat' dir='ltr'>est</span> <span class='ocrx_word' id='word_1_135' title='bbox 1297 2086 1370 2161; x_wconf 79' lang='grc' dir='ltr'><strong><em>τούς</em></strong></span> 
     </span>
     <span class='ocr_line' id='line_1_16' title="bbox 209 2190 1369 2280; baseline 0.003 -24"><span class='ocrx_word' id='word_1_136' title='bbox 209 2195 280 2256; x_wconf 76' lang='grc' dir='ltr'><strong><em>τότε</em></strong></span> <span class='ocrx_word' id='word_1_137' title='bbox 303 2190 454 2266; x_wconf 84' lang='grc' dir='ltr'><strong><em>δικαστὰς</em></strong></span> <span class='ocrx_word' id='word_1_138' title='bbox 476 2213 543 2258; x_wconf 87' lang='lat' dir='ltr'>essa</span> <span class='ocrx_word' id='word_1_139' title='bbox 559 2193 685 2279; x_wconf 77' lang='lat' dir='ltr'>J&#39;udiees</span> <span class='ocrx_word' id='word_1_140' title='bbox 705 2193 740 2258; x_wconf 91' lang='lat' dir='ltr'>in</span> <span class='ocrx_word' id='word_1_141' title='bbox 762 2192 906 2280; x_wconf 82' lang='lat' dir='ltr'>legitimo</span> <span class='ocrx_word' id='word_1_142' title='bbox 924 2193 1046 2280; x_wconf 79' lang='lat' dir='ltr'>judicio</span> <span class='ocrx_word' id='word_1_143' title='bbox 1068 2193 1107 2258; x_wconf 89' lang='lat' dir='ltr'>de</span> <span class='ocrx_word' id='word_1_144' title='bbox 1130 2193 1233 2259; x_wconf 83' lang='lat' dir='ltr'>caede.</span> <span class='ocrx_word' id='word_1_145' title='bbox 1258 2193 1305 2259; x_wconf 81' lang='lat' dir='ltr'>af.</span> <span class='ocrx_word' id='word_1_146' title='bbox 1328 2192 1369 2260; x_wconf 90' lang='lat' dir='ltr'>de</span> 
     </span>
     <span class='ocr_line' id='line_1_17' title="bbox 210 2302 490 2385; baseline 0 -19"><span class='ocrx_word' id='word_1_147' title='bbox 210 2305 280 2366; x_wconf 82' lang='grc' dir='ltr'><strong><em>τότε</em></strong></span> <span class='ocrx_word' id='word_1_148' title='bbox 303 2302 323 2385; x_wconf 65' lang='grc' dir='ltr'><strong>ξ</strong></span> <span class='ocrx_word' id='word_1_149' title='bbox 345 2304 386 2368; x_wconf 84' lang='grc'>94</span> <span class='ocrx_word' id='word_1_150' title='bbox 409 2307 490 2368; x_wconf 86' lang='lat' dir='ltr'>extr.</span> 
     </span>
    </p>

    <p class='ocr_par' dir='ltr' id='par_1_4' title="bbox 144 2407 1368 4121">
     <span class='ocr_line' id='line_1_18' title="bbox 252 2407 1367 2496; baseline -0.001 -20"><span class='ocrx_word' id='word_1_151' title='bbox 252 2410 271 2495; x_wconf 65' lang='grc' dir='ltr'><strong><em>ξ</em></strong></span> <span class='ocrx_word' id='word_1_152' title='bbox 296 2413 346 2476; x_wconf 80' lang='grc'>17.</span> <span class='ocrx_word' id='word_1_153' title='bbox 380 2408 488 2476; x_wconf 85' lang='lat' dir='ltr'>Verba</span> <span class='ocrx_word' id='word_1_154' title='bbox 516 2407 621 2474; x_wconf 77' lang='grc' dir='ltr'><strong><em>ἔτιδὲ</em></strong></span> <span class='ocrx_word' id='word_1_155' title='bbox 645 2407 719 2491; x_wconf 83' lang='grc' dir='ltr'><strong><em>μάλ’</em></strong></span> <span class='ocrx_word' id='word_1_156' title='bbox 742 2408 860 2492; x_wconf 75' lang='grc' dir='ltr'><strong><em>ἐδέθην</em></strong></span> <span class='ocrx_word' id='word_1_157' title='bbox 887 2409 968 2474; x_wconf 91' lang='lat' dir='ltr'>mihi</span> <span class='ocrx_word' id='word_1_158' title='bbox 989 2431 1190 2496; x_wconf 89' lang='lat' dir='ltr'>nequaquam</span> <span class='ocrx_word' id='word_1_159' title='bbox 1212 2414 1279 2474; x_wconf 90' lang='lat' dir='ltr'>tam</span> <span class='ocrx_word' id='word_1_160' title='bbox 1300 2430 1367 2476; x_wconf 86' lang='lat' dir='ltr'>nor·</span> 
     </span>
     <span class='ocr_line' id='line_1_19' title="bbox 209 2517 1368 2605; baseline 0.005 -23"><span class='ocrx_word' id='word_1_161' title='bbox 209 2523 304 2605; x_wconf 88' lang='lat' dir='ltr'>rupta</span> <span class='ocrx_word' id='word_1_162' title='bbox 324 2517 492 2603; x_wconf 89' lang='lat' dir='ltr'>videntur,</span> <span class='ocrx_word' id='word_1_163' title='bbox 516 2540 612 2605; x_wconf 88' lang='lat' dir='ltr'>quam</span> <span class='ocrx_word' id='word_1_164' title='bbox 635 2519 745 2584; x_wconf 90' lang='lat' dir='ltr'>multis</span> <span class='ocrx_word' id='word_1_165' title='bbox 766 2518 882 2584; x_wconf 89' lang='lat' dir='ltr'>oritiois</span> <span class='ocrx_word' id='word_1_166' title='bbox 904 2519 972 2583; x_wconf 78' lang='lat' dir='ltr'>visa</span> <span class='ocrx_word' id='word_1_167' title='bbox 993 2523 1076 2583; x_wconf 90' lang='lat' dir='ltr'>sunt.</span> <span class='ocrx_word' id='word_1_168' title='bbox 1099 2517 1172 2584; x_wconf 87' lang='lat' dir='ltr'>Hoe</span> <span class='ocrx_word' id='word_1_169' title='bbox 1193 2525 1277 2586; x_wconf 82' lang='lat' dir='ltr'>certe</span> <span class='ocrx_word' id='word_1_170' title='bbox 1287 2520 1368 2588; x_wconf 91' lang='lat' dir='ltr'>mihi</span> 
     </span>
     <span class='ocr_line' id='line_1_20' title="bbox 206 2625 1365 2714; baseline 0.003 -24"><span class='ocrx_word' id='word_1_171' title='bbox 206 2629 349 2710; x_wconf 82' lang='lat' dir='ltr'>constat,</span> <span class='ocrx_word' id='word_1_172' title='bbox 382 2626 481 2692; x_wconf 88' lang='lat' dir='ltr'>libere</span> <span class='ocrx_word' id='word_1_173' title='bbox 515 2627 600 2693; x_wconf 90' lang='lat' dir='ltr'>enim</span> <span class='ocrx_word' id='word_1_174' title='bbox 634 2627 737 2693; x_wconf 89' lang='lat' dir='ltr'>dioam</span> <span class='ocrx_word' id='word_1_175' title='bbox 759 2626 837 2714; x_wconf 92' lang='lat' dir='ltr'>quid</span> <span class='ocrx_word' id='word_1_176' title='bbox 857 2626 1012 2710; x_wconf 87' lang='lat' dir='ltr'>sentiam,</span> <span class='ocrx_word' id='word_1_177' title='bbox 1035 2625 1203 2692; x_wconf 84' lang='lat' dir='ltr'>Reislrium</span> <span class='ocrx_word' id='word_1_178' title='bbox 1227 2632 1259 2694; x_wconf 89' lang='lat' dir='ltr'>et</span> <span class='ocrx_word' id='word_1_179' title='bbox 1281 2628 1365 2694; x_wconf 93' lang='lat' dir='ltr'>Her·</span> 
     </span>
     <span class='ocr_line' id='line_1_21' title="bbox 209 2732 1365 2823; baseline 0.001 -23"><span class='ocrx_word' id='word_1_180' title='bbox 209 2732 392 2800; x_wconf 80' lang='lat' dir='ltr'>werdonem</span> <span class='ocrx_word' id='word_1_181' title='bbox 426 2736 460 2799; x_wconf 90' lang='lat' dir='ltr'>in</span> <span class='ocrx_word' id='word_1_182' title='bbox 492 2734 533 2800; x_wconf 94' lang='lat' dir='ltr'>iis</span> <span class='ocrx_word' id='word_1_183' title='bbox 564 2734 769 2801; x_wconf 81' lang='lat' dir='ltr'>emendandis</span> <span class='ocrx_word' id='word_1_184' title='bbox 801 2756 933 2823; x_wconf 89' lang='lat' dir='ltr'>pravam</span> <span class='ocrx_word' id='word_1_185' title='bbox 965 2735 1119 2801; x_wconf 89' lang='lat' dir='ltr'>rationem</span> <span class='ocrx_word' id='word_1_186' title='bbox 1142 2757 1210 2802; x_wconf 92' lang='lat' dir='ltr'>esse</span> <span class='ocrx_word' id='word_1_187' title='bbox 1234 2740 1365 2802; x_wconf 77' lang='lat' dir='ltr'>secutos.</span> 
     </span>
     <span class='ocr_line' id='line_1_22' title="bbox 208 2840 1366 2930; baseline 0.001 -23"><span class='ocrx_word' id='word_1_188' title='bbox 208 2840 294 2907; x_wconf 86' lang='lat' dir='ltr'>Nam</span> <span class='ocrx_word' id='word_1_189' title='bbox 316 2843 468 2930; x_wconf 81' lang='lat' dir='ltr'>quiahoc</span> <span class='ocrx_word' id='word_1_190' title='bbox 490 2864 554 2908; x_wconf 91' lang='lat' dir='ltr'>non</span> <span class='ocrx_word' id='word_1_191' title='bbox 584 2843 691 2928; x_wconf 81' lang='lat' dir='ltr'>videt,</span> <span class='ocrx_word' id='word_1_192' title='bbox 715 2843 782 2909; x_wconf 85' lang='lat' dir='ltr'>sive</span> <span class='ocrx_word' id='word_1_193' title='bbox 804 2864 877 2908; x_wconf 90' lang='lat' dir='ltr'>oum</span> <span class='ocrx_word' id='word_1_194' title='bbox 899 2841 1031 2908; x_wconf 88' lang='lat' dir='ltr'>Reiskio</span> <span class='ocrx_word' id='word_1_195' title='bbox 1051 2848 1121 2930; x_wconf 90' lang='lat' dir='ltr'>post</span> <span class='ocrx_word' id='word_1_196' title='bbox 1141 2840 1227 2925; x_wconf 84' lang='grc' dir='ltr'><strong><em>μάλα</em></strong></span> <span class='ocrx_word' id='word_1_197' title='bbox 1238 2841 1366 2930; x_wconf 86' lang='lat' dir='ltr'>aliquod</span> 
     </span>
     <span class='ocr_line' id='line_1_23' title="bbox 208 2949 1365 3038; baseline 0 -22"><span class='ocrx_word' id='word_1_198' title='bbox 208 2949 395 3017; x_wconf 77' lang='lat' dir='ltr'>adverbium</span> <span class='ocrx_word' id='word_1_199' title='bbox 419 2972 445 3016; x_wconf 89' lang='lat' dir='ltr'>e.</span> <span class='ocrx_word' id='word_1_200' title='bbox 470 2973 496 3016; x_wconf 92' lang='grc' dir='ltr'>ο.</span> <span class='ocrx_word' id='word_1_201' title='bbox 520 2954 660 3033; x_wconf 72' lang='grc' dir='ltr'><strong><em>οἰκτρῶς,</em></strong></span> <span class='ocrx_word' id='word_1_202' title='bbox 686 2949 813 3027; x_wconf 82' lang='grc' dir='ltr'><strong><em>ἀδίκως,</em></strong></span> <span class='ocrx_word' id='word_1_203' title='bbox 839 2950 930 3033; x_wconf 80' lang='grc' dir='ltr'><strong><em>ὠμῶς</em></strong></span> <span class='ocrx_word' id='word_1_204' title='bbox 953 2951 1044 3035; x_wconf 85' lang='lat' dir='ltr'>(haee</span> <span class='ocrx_word' id='word_1_205' title='bbox 1066 2950 1152 3017; x_wconf 89' lang='lat' dir='ltr'>enim</span> <span class='ocrx_word' id='word_1_206' title='bbox 1169 2950 1365 3038; x_wconf 86' lang='lat' dir='ltr'>illiplaeent)</span> 
     </span>
     <span class='ocr_line' id='line_1_24' title="bbox 207 3055 1365 3147; baseline 0 -23"><span class='ocrx_word' id='word_1_207' title='bbox 207 3059 347 3144; x_wconf 89' lang='lat' dir='ltr'>inseras,</span> <span class='ocrx_word' id='word_1_208' title='bbox 382 3059 448 3125; x_wconf 89' lang='lat' dir='ltr'>sive</span> <span class='ocrx_word' id='word_1_209' title='bbox 483 3080 556 3125; x_wconf 86' lang='lat' dir='ltr'>eum</span> <span class='ocrx_word' id='word_1_210' title='bbox 590 3058 806 3125; x_wconf 84' lang='lat' dir='ltr'>Herwerdeno</span> <span class='ocrx_word' id='word_1_211' title='bbox 836 3060 882 3124; x_wconf 90' lang='lat' dir='ltr'>ita</span> <span class='ocrx_word' id='word_1_212' title='bbox 914 3059 1059 3147; x_wconf 90' lang='lat' dir='ltr'>suppleas</span> <span class='ocrx_word' id='word_1_213' title='bbox 1091 3059 1139 3124; x_wconf 74' lang='grc' dir='ltr'>ἔτι</span> <span class='ocrx_word' id='word_1_214' title='bbox 1166 3058 1200 3123; x_wconf 79' lang='grc' dir='ltr'>δι’</span> <span class='ocrx_word' id='word_1_215' title='bbox 1229 3055 1365 3144; x_wconf 84' lang='grc' dir='ltr'><strong><em>μᾶλ[λον</em></strong></span> 
     </span>
     <span class='ocr_line' id='line_1_25' title="bbox 210 3166 1366 3255; baseline 0.001 -23"><span class='ocrx_word' id='word_1_216' title='bbox 210 3172 293 3232; x_wconf 87' lang='grc' dir='ltr'><strong><em>τοῦτ’</em></strong></span> <span class='ocrx_word' id='word_1_217' title='bbox 316 3167 455 3249; x_wconf 75' lang='grc' dir='ltr'><strong><em>ἀνιῶμαι</em></strong></span> <span class='ocrx_word' id='word_1_218' title='bbox 476 3166 670 3253; x_wconf 78' lang='grc' dir='ltr'><strong><em>ὃτι]ἐδέθηυ,</em></strong></span> <span class='ocrx_word' id='word_1_219' title='bbox 695 3168 800 3255; x_wconf 90' lang='lat' dir='ltr'>perire</span> <span class='ocrx_word' id='word_1_220' title='bbox 821 3168 986 3255; x_wconf 82' lang='lat' dir='ltr'>emphasin</span> <span class='ocrx_word' id='word_1_221' title='bbox 1008 3188 1135 3253; x_wconf 82' lang='lat' dir='ltr'>eorum,</span> <span class='ocrx_word' id='word_1_222' title='bbox 1158 3190 1241 3255; x_wconf 90' lang='lat' dir='ltr'>quae</span> <span class='ocrx_word' id='word_1_223' title='bbox 1259 3168 1366 3233; x_wconf 88' lang='lat' dir='ltr'>statim</span> 
     </span>
     <span class='ocr_line' id='line_1_26' title="bbox 144 3274 1367 3360; baseline 0 -19"><span class='ocrx_word' id='word_1_224' title='bbox 144 3342 148 3348; x_wconf 85' lang='grc'><em>,</em></span> <span class='ocrx_word' id='word_1_225' title='bbox 209 3276 390 3360; x_wconf 88' lang='lat' dir='ltr'>adduntur,</span> <span class='ocrx_word' id='word_1_226' title='bbox 421 3280 679 3360; x_wconf 80' lang='grc' dir='ltr'><strong><em>παρανομώτατα</em></strong></span> <span class='ocrx_word' id='word_1_227' title='bbox 703 3279 855 3341; x_wconf 84' lang='grc' dir='ltr'><strong><em>ἁπάντων</em></strong></span> <span class='ocrx_word' id='word_1_228' title='bbox 878 3276 1086 3359; x_wconf 58' lang='lat' dir='ltr'>disponas?</span> <span class='ocrx_word' id='word_1_229' title='bbox 1109 3275 1199 3351; x_wconf 83' lang='lat' dir='ltr'>Quae</span> <span class='ocrx_word' id='word_1_230' title='bbox 1220 3280 1290 3342; x_wconf 83' lang='lat' dir='ltr'>tum</span> <span class='ocrx_word' id='word_1_231' title='bbox 1312 3274 1367 3341; x_wconf 90' lang='lat' dir='ltr'>de·</span> 
     </span>
     <span class='ocr_line' id='line_1_27' title="bbox 207 3382 1366 3472; baseline -0.002 -22"><span class='ocrx_word' id='word_1_232' title='bbox 207 3405 297 3450; x_wconf 92' lang='lat' dir='ltr'>mum</span> <span class='ocrx_word' id='word_1_233' title='bbox 332 3405 422 3449; x_wconf 88' lang='lat' dir='ltr'>suam</span> <span class='ocrx_word' id='word_1_234' title='bbox 455 3386 522 3450; x_wconf 84' lang='lat' dir='ltr'>vim</span> <span class='ocrx_word' id='word_1_235' title='bbox 554 3386 693 3472; x_wconf 87' lang='lat' dir='ltr'>habent,</span> <span class='ocrx_word' id='word_1_236' title='bbox 728 3385 754 3450; x_wconf 91' lang='lat' dir='ltr'>si</span> <span class='ocrx_word' id='word_1_237' title='bbox 789 3385 926 3472; x_wconf 86' lang='lat' dir='ltr'>simplex</span> <span class='ocrx_word' id='word_1_238' title='bbox 961 3382 1079 3468; x_wconf 67' lang='grc' dir='ltr'><strong><em>ἐδέθην</em></strong></span> <span class='ocrx_word' id='word_1_239' title='bbox 1100 3384 1268 3472; x_wconf 86' lang='lat' dir='ltr'>praeeedit.</span> <span class='ocrx_word' id='word_1_240' title='bbox 1291 3383 1366 3449; x_wconf 88' lang='lat' dir='ltr'>Non</span> 
     </span>
     <span class='ocr_line' id='line_1_28' title="bbox 206 3490 1366 3581; baseline -0.002 -23"><span class='ocrx_word' id='word_1_241' title='bbox 206 3498 315 3558; x_wconf 91' lang='lat' dir='ltr'>tamen</span> <span class='ocrx_word' id='word_1_242' title='bbox 356 3490 442 3574; x_wconf 83' lang='grc' dir='ltr'><strong><em>μάλα</em></strong></span> <span class='ocrx_word' id='word_1_243' title='bbox 475 3492 611 3575; x_wconf 73' lang='grc' dir='ltr'><strong><em>δεθῆναι</em></strong></span> <span class='ocrx_word' id='word_1_244' title='bbox 647 3493 813 3560; x_wconf 84' lang='lat' dir='ltr'>defendam</span> <span class='ocrx_word' id='word_1_245' title='bbox 846 3493 1113 3581; x_wconf 84' lang='lat' dir='ltr'>quemadmodum</span> <span class='ocrx_word' id='word_1_246' title='bbox 1146 3492 1366 3576; x_wconf 72' lang='lat' dir='ltr'>Maetznmm,</span> 
     </span>
     <span class='ocr_line' id='line_1_29' title="bbox 208 3599 1367 3688; baseline -0.002 -22"><span class='ocrx_word' id='word_1_247' title='bbox 208 3602 264 3688; x_wconf 89' lang='lat' dir='ltr'>qui</span> <span class='ocrx_word' id='word_1_248' title='bbox 296 3600 387 3667; x_wconf 87' lang='lat' dir='ltr'>affert</span> <span class='ocrx_word' id='word_1_249' title='bbox 418 3600 503 3684; x_wconf 83' lang='grc' dir='ltr'><strong><em>μάλα</em></strong></span> <span class='ocrx_word' id='word_1_250' title='bbox 535 3601 729 3688; x_wconf 78' lang='grc' dir='ltr'><strong><em>βουλόμενοι,</em></strong></span> <span class='ocrx_word' id='word_1_251' title='bbox 759 3624 833 3668; x_wconf 91' lang='lat' dir='ltr'>nam</span> <span class='ocrx_word' id='word_1_252' title='bbox 864 3599 949 3684; x_wconf 74' lang='grc' dir='ltr'><strong><em>μάλα</em></strong></span> <span class='ocrx_word' id='word_1_253' title='bbox 979 3600 1113 3683; x_wconf 73' lang='grc' dir='ltr'><strong><em>δεθῆναι</em></strong></span> <span class='ocrx_word' id='word_1_254' title='bbox 1137 3606 1169 3668; x_wconf 90' lang='lat' dir='ltr'>et</span> <span class='ocrx_word' id='word_1_255' title='bbox 1190 3618 1313 3687; x_wconf 88' lang='lat' dir='ltr'>semper</span> <span class='ocrx_word' id='word_1_256' title='bbox 1334 3604 1367 3664; x_wconf 89' lang='lat' dir='ltr'>et</span> 
     </span>
     <span class='ocr_line' id='line_1_30' title="bbox 208 3707 1365 3793; baseline 0 -19"><span class='ocrx_word' id='word_1_257' title='bbox 208 3710 349 3774; x_wconf 86' lang='lat' dir='ltr'>maxime</span> <span class='ocrx_word' id='word_1_258' title='bbox 380 3716 487 3776; x_wconf 88' lang='lat' dir='ltr'>nostro</span> <span class='ocrx_word' id='word_1_259' title='bbox 518 3711 587 3776; x_wconf 89' lang='lat' dir='ltr'>looo</span> <span class='ocrx_word' id='word_1_260' title='bbox 619 3711 792 3778; x_wconf 89' lang='lat' dir='ltr'>absurdum</span> <span class='ocrx_word' id='word_1_261' title='bbox 826 3732 893 3777; x_wconf 88' lang='lat' dir='ltr'>esse</span> <span class='ocrx_word' id='word_1_262' title='bbox 914 3711 1027 3777; x_wconf 89' lang='lat' dir='ltr'>lubens</span> <span class='ocrx_word' id='word_1_263' title='bbox 1050 3710 1205 3793; x_wconf 82' lang='lat' dir='ltr'>concedo,</span> <span class='ocrx_word' id='word_1_264' title='bbox 1228 3707 1283 3774; x_wconf 89' lang='lat' dir='ltr'>sed</span> <span class='ocrx_word' id='word_1_265' title='bbox 1304 3708 1365 3774; x_wconf 88' lang='lat' dir='ltr'>hoo</span> 
     </span>
     <span class='ocr_line' id='line_1_31' title="bbox 210 3816 1362 3908; baseline -0.002 -26"><span class='ocrx_word' id='word_1_266' title='bbox 210 3817 279 3882; x_wconf 85' lang='lat' dir='ltr'>dieo</span> <span class='ocrx_word' id='word_1_267' title='bbox 307 3816 393 3900; x_wconf 80' lang='grc' dir='ltr'><strong><em>μάλα</em></strong></span> <span class='ocrx_word' id='word_1_268' title='bbox 422 3819 462 3884; x_wconf 96' lang='lat' dir='ltr'>ad</span> <span class='ocrx_word' id='word_1_269' title='bbox 492 3818 609 3902; x_wconf 76' lang='grc' dir='ltr'><strong><em>ἐδέθην</em></strong></span> <span class='ocrx_word' id='word_1_270' title='bbox 639 3841 766 3907; x_wconf 89' lang='lat' dir='ltr'>prorsus</span> <span class='ocrx_word' id='word_1_271' title='bbox 796 3841 860 3885; x_wconf 89' lang='lat' dir='ltr'>non</span> <span class='ocrx_word' id='word_1_272' title='bbox 889 3821 1056 3908; x_wconf 84' lang='lat' dir='ltr'>pertinere.</span> <span class='ocrx_word' id='word_1_273' title='bbox 1079 3818 1255 3884; x_wconf 84' lang='lat' dir='ltr'>Partioala</span> <span class='ocrx_word' id='word_1_274' title='bbox 1277 3817 1362 3882; x_wconf 81' lang='lat' dir='ltr'>anim</span> 
     </span>
     <span class='ocr_line' id='line_1_32' title="bbox 209 3923 1362 4012; baseline 0 -24"><span class='ocrx_word' id='word_1_275' title='bbox 209 3923 295 4008; x_wconf 84' lang='grc' dir='ltr'><strong><em>μάλα</em></strong></span> <span class='ocrx_word' id='word_1_276' title='bbox 317 3927 496 4012; x_wconf 79' lang='lat' dir='ltr'>emphaseos</span> <span class='ocrx_word' id='word_1_277' title='bbox 519 3949 617 3994; x_wconf 82' lang='lat' dir='ltr'>caasa</span> <span class='ocrx_word' id='word_1_278' title='bbox 639 3929 717 3994; x_wconf 84' lang='lat' dir='ltr'>aliis</span> <span class='ocrx_word' id='word_1_279' title='bbox 738 3929 911 4012; x_wconf 76' lang='lat' dir='ltr'>particulis</span> <span class='ocrx_word' id='word_1_280' title='bbox 934 3928 1078 3994; x_wconf 80' lang='lat' dir='ltr'>additur.</span> <span class='ocrx_word' id='word_1_281' title='bbox 1101 3925 1275 3993; x_wconf 86' lang='lat' dir='ltr'>Notissima</span> <span class='ocrx_word' id='word_1_282' title='bbox 1296 3945 1362 3989; x_wconf 89' lang='lat' dir='ltr'>om-</span> 
     </span>
     <span class='ocr_line' id='line_1_33' title="bbox 208 4026 1363 4121; baseline -0.002 -21"><span class='ocrx_word' id='word_1_283' title='bbox 208 4035 300 4101; x_wconf 87' lang='lat' dir='ltr'>nium</span> <span class='ocrx_word' id='word_1_284' title='bbox 333 4041 407 4102; x_wconf 79' lang='lat' dir='ltr'>sunt</span> <span class='ocrx_word' id='word_1_285' title='bbox 428 4034 546 4100; x_wconf 77' lang='grc' dir='ltr'><strong><em>αὐτίκα</em></strong></span> <span class='ocrx_word' id='word_1_286' title='bbox 566 4033 652 4118; x_wconf 85' lang='grc' dir='ltr'><strong><em>μάλα</em></strong></span> <span class='ocrx_word' id='word_1_287' title='bbox 674 4041 706 4102; x_wconf 90' lang='lat' dir='ltr'>et</span> <span class='ocrx_word' id='word_1_288' title='bbox 727 4027 824 4110; x_wconf 78' lang='grc' dir='ltr'><strong><em>αὖθις</em></strong></span> <span class='ocrx_word' id='word_1_289' title='bbox 844 4033 929 4119; x_wconf 79' lang='grc' dir='ltr'><strong><em>μάλα</em></strong></span> <span class='ocrx_word' id='word_1_290' title='bbox 951 4058 976 4102; x_wconf 88' lang='lat' dir='ltr'>s.</span> <span class='ocrx_word' id='word_1_291' title='bbox 998 4033 1070 4118; x_wconf 75' lang='grc' dir='ltr'>μάλ’</span> <span class='ocrx_word' id='word_1_292' title='bbox 1096 4026 1202 4108; x_wconf 75' lang='grc' dir='ltr'><strong><em>αὖθις,</em></strong></span> <span class='ocrx_word' id='word_1_293' title='bbox 1227 4055 1363 4121; x_wconf 87' lang='lat' dir='ltr'>quorum</span> 
     </span>
    </p>
   </div>
   <div class='ocr_carea' id='block_1_4' title="bbox 211 4331 1371 4658">
    <p class='ocr_par' dir='ltr' id='par_1_5' title="bbox 251 4331 897 4396">
     <span class='ocr_line' id='line_1_34' title="bbox 251 4331 897 4396; baseline 0.003 -14"><span class='ocrx_word' id='word_1_294' title='bbox 251 4331 281 4391; x_wconf 56' lang='grc' dir='ltr'>δ)</span> <span class='ocrx_word' id='word_1_295' title='bbox 299 4331 468 4396; x_wconf 79' lang='lat' dir='ltr'>TransposItIo</span> <span class='ocrx_word' id='word_1_296' title='bbox 485 4333 524 4382; x_wconf 81' lang='lat' dir='ltr'>ast</span> <span class='ocrx_word' id='word_1_297' title='bbox 540 4331 626 4383; x_wconf 79' lang='lat' dir='ltr'>(tobati</span> <span class='ocrx_word' id='word_1_298' title='bbox 641 4331 731 4384; x_wconf 85' lang='lat' dir='ltr'>Mnem.</span> <span class='ocrx_word' id='word_1_299' title='bbox 749 4331 823 4384; x_wconf 79' lang='lat' dir='ltr'>VIII.</span> <span class='ocrx_word' id='word_1_300' title='bbox 840 4334 897 4384; x_wconf 74' lang='lat'><strong>279.</strong></span> 
     </span>
    </p>

    <p class='ocr_par' dir='ltr' id='par_1_6' title="bbox 211 4415 1371 4658">
     <span class='ocr_line' id='line_1_35' title="bbox 251 4415 1371 4485; baseline 0.003 -19"><span class='ocrx_word' id='word_1_301' title='bbox 251 4417 280 4482; x_wconf 88' lang='lat'>†)</span> <span class='ocrx_word' id='word_1_302' title='bbox 300 4421 462 4484; x_wconf 73' lang='grc' dir='ltr'><strong><em>κακουργίας</em></strong></span> <span class='ocrx_word' id='word_1_303' title='bbox 486 4418 593 4470; x_wconf 78' lang='lat' dir='ltr'>Cebetas</span> <span class='ocrx_word' id='word_1_304' title='bbox 617 4433 662 4485; x_wconf 89' lang='lat' dir='ltr'>pro</span> <span class='ocrx_word' id='word_1_305' title='bbox 688 4421 845 4484; x_wconf 78' lang='grc' dir='ltr'><strong><em>κακοῦργος,</em></strong></span> <span class='ocrx_word' id='word_1_306' title='bbox 868 4415 934 4484; x_wconf 79' lang='grc' dir='ltr'><strong><em>φοοδ</em></strong></span> <span class='ocrx_word' id='word_1_307' title='bbox 951 4417 973 4469; x_wconf 88' lang='lat' dir='ltr'>si</span> <span class='ocrx_word' id='word_1_308' title='bbox 990 4418 1048 4483; x_wconf 88' lang='lat' dir='ltr'>quis</span> <span class='ocrx_word' id='word_1_309' title='bbox 1065 4416 1192 4469; x_wconf 79' lang='lat' dir='ltr'>defendere</span> <span class='ocrx_word' id='word_1_310' title='bbox 1208 4416 1277 4480; x_wconf 80' lang='lat' dir='ltr'>velit,</span> <span class='ocrx_word' id='word_1_311' title='bbox 1294 4417 1318 4468; x_wconf 87' lang='lat' dir='ltr'>ei</span> <span class='ocrx_word' id='word_1_312' title='bbox 1334 4415 1371 4470; x_wconf 86' lang='lat' dir='ltr'>di·</span> 
     </span>
     <span class='ocr_line' id='line_1_36' title="bbox 212 4503 1361 4571; baseline -0.002 -15"><span class='ocrx_word' id='word_1_313' title='bbox 212 4504 315 4556; x_wconf 83' lang='lat' dir='ltr'>oendnm</span> <span class='ocrx_word' id='word_1_314' title='bbox 331 4506 381 4556; x_wconf 80' lang='lat' dir='ltr'>erit</span> <span class='ocrx_word' id='word_1_315' title='bbox 396 4505 516 4570; x_wconf 71' lang='lat' dir='ltr'>poetieam</span> <span class='ocrx_word' id='word_1_316' title='bbox 532 4503 681 4556; x_wconf 85' lang='lat' dir='ltr'>locutionem</span> <span class='ocrx_word' id='word_1_317' title='bbox 696 4519 750 4556; x_wconf 84' lang='lat' dir='ltr'>esse</span> <span class='ocrx_word' id='word_1_318' title='bbox 765 4520 780 4557; x_wconf 84' lang='lat' dir='ltr'>a</span> <span class='ocrx_word' id='word_1_319' title='bbox 795 4520 844 4570; x_wconf 85' lang='lat' dir='ltr'>qua</span> <span class='ocrx_word' id='word_1_320' title='bbox 859 4503 989 4571; x_wconf 78' lang='lat' dir='ltr'>Antiphon</span> <span class='ocrx_word' id='word_1_321' title='bbox 1004 4518 1052 4555; x_wconf 89' lang='lat' dir='ltr'>non</span> <span class='ocrx_word' id='word_1_322' title='bbox 1068 4503 1206 4569; x_wconf 79' lang='lat' dir='ltr'>abhorreat,</span> <span class='ocrx_word' id='word_1_323' title='bbox 1221 4506 1247 4555; x_wconf 80' lang='lat' dir='ltr'>et</span> <span class='ocrx_word' id='word_1_324' title='bbox 1263 4503 1361 4554; x_wconf 80' lang='lat' dir='ltr'>afferen-</span> 
     </span>
     <span class='ocr_line' id='line_1_37' title="bbox 211 4591 873 4658; baseline -0.003 -16"><span class='ocrx_word' id='word_1_325' title='bbox 211 4591 270 4642; x_wconf 85' lang='lat' dir='ltr'>dum</span> <span class='ocrx_word' id='word_1_326' title='bbox 287 4591 451 4658; x_wconf 74' lang='lat' dir='ltr'>Euripideum</span> <span class='ocrx_word' id='word_1_327' title='bbox 469 4591 693 4656; x_wconf 60' lang='lat' dir='ltr'>&amp;inprosperata</span> <span class='ocrx_word' id='word_1_328' title='bbox 711 4591 799 4642; x_wconf 79' lang='lat' dir='ltr'>Bacch.</span> <span class='ocrx_word' id='word_1_329' title='bbox 818 4593 873 4643; x_wconf 77' lang='grc'><strong>792.</strong></span> 
     </span>
    </p>
   </div>
   <div class='ocr_carea' id='block_1_5' title="bbox 1536 1797 1548 1896">
    <p class='ocr_par' dir='ltr' id='par_1_7' title="bbox 1536 1797 1548 1896">
     <span class='ocr_line' id='line_1_38' title="bbox 1547 1797 1548 1818; baseline 0 0"><span class='ocrx_word' id='word_1_330' title='bbox 1547 1797 1548 1818; x_wconf 70' lang='grc' dir='ltr'><strong><em>ι</em></strong></span> 
     </span>
     <span class='ocr_line' id='line_1_39' title="bbox 1536 1827 1548 1856; baseline 0.083 -1"><span class='ocrx_word' id='word_1_331' title='bbox 1536 1844 1542 1855; x_wconf 66' lang='grc' dir='ltr'><strong><em>ι</em></strong></span> <span class='ocrx_word' id='word_1_332' title='bbox 1547 1827 1548 1856; x_wconf 79' lang='lat' dir='ltr'>i</span> 
     </span>
     <span class='ocr_line' id='line_1_40' title="bbox 1547 1863 1548 1896; baseline 0 0"><span class='ocrx_word' id='word_1_333' title='bbox 1547 1863 1548 1896; x_wconf 69' lang='lat' dir='ltr'>i</span> 
     </span>
    </p>
   </div>
   <div class='ocr_carea' id='block_1_6' title="bbox 0 0 1556 5310">
    <p class='ocr_par' dir='ltr' id='par_1_8' title="bbox 0 0 1556 5310">
     <span class='ocr_line' id='line_1_41' title="bbox 0 0 1556 5310; baseline 0 2"><span class='ocrx_word' id='word_1_334' title='bbox 0 0 1556 5310; x_wconf 95' lang='lat' dir='ltr'> </span> 
     </span>
    </p>
   </div>
  </div>
 </body>
</html>
