3102 5310
713 465 754 529 27

191 666 212 749 ξ
235 666 285 728 19.
310 663 391 726 ὅπου
413 659 447 724 δέ
471 663 596 743 πρώτον
620 662 677 741 μέν
705 659 795 724 αὐτοί
823 660 853 722 οἱ
875 663 1045 741 κατήγοροι
1069 655 1253 740 ὁμολογοῦσι
1265 665 1306 743 μὴ

145 773 185 834 ἐκ
210 770 360 854 προνοίας
379 766 449 851 μηδ’
477 769 511 830 ἐκ
533 775 731 852 παρασκευῆς
754 766 906 848 γενέσθαι
918 768 974 832 τόν
986 772 1133 834 θάνατον
1145 777 1190 854 τῷ
1201 767 1304 845 παιδί,

144 879 263 944 ἔπειτα
284 880 324 941 τὰ
347 874 537 962 πραχθέντα
560 880 702 960 φανερῶς
728 878 859 942 ἅπαντα
882 884 1068 962 πραχθῆναι
1092 877 1305 942 καίέναντίον

140 990 313 1071 μαρττίρων
347 982 493 1061 πολλῶν,
528 989 580 1048 καί
604 984 729 1065 οίνδρών
752 990 806 1050 καί
829 983 952 1066 παίδων
977 989 1030 1049 καί
1054 983 1228 1069 ἐλευθέρων
1253 987 1306 1048 καί
1398 1044 1401 1049 .

144 1093 297 1174 δουλων,
321 1093 354 1168 ἐξ
378 1079 482 1175 (όνπερ
506 1096 559 1157 καί
582 1093 611 1158 εί
638 1095 683 1169 τίς
707 1118 738 1158 τι
761 1092 910 1178 ἠδίκηκε,
936 1096 1157 1177 φανερώτατος
1179 1097 1221 1157 ἂν
1246 1093 1303 1176 εἰἠ,

144 1207 205 1266 καί
247 1204 276 1267 εί
308 1225 358 1276 τις
391 1207 432 1283 μὴ
468 1199 644 1266 ἀδικοῦντα
679 1205 830 1286 αι’τιῷτο,
866 1199 989 1283 μάλιστ’
1023 1206 1065 1266 ἂν
1099 1199 1303 1287 ἐξελέγχοιτο.

145 1312 251 1378 Recte
273 1311 375 1376 editor
395 1331 452 1398 pro
474 1310 606 1375 ἅπαντα
628 1317 835 1397 πραχθῆναιε
860 1307 980 1375 ἅπαντ’
1004 1311 1158 1396 ἐπράχθη.
1182 1310 1307 1376 Deinde

145 1420 213 1486 nisi
242 1418 373 1484 Reiskio
395 1418 604 1484 assentiemur
626 1419 733 1485 deesse
754 1419 830 1485 huie
853 1419 1026 1485 sententiae
1048 1419 1215 1506 epodosin,
1241 1439 1306 1484 cre·

145 1527 292 1592 dendum
313 1532 455 1593 estante
479 1526 512 1601 ἐξ
535 1515 640 1612 ὧνπερ
663 1527 817 1593 excidisse
839 1527 983 1614 aliquid..
1131 1535 1134 1544 '

192 1634 287 1710 Quod
310 1640 417 1700 eutem
438 1635 515 1700 dieii
536 1635 687 1700 Reiskius
708 1656 766 1719 ea,
789 1655 871 1722 quae
891 1634 952 1699 hae
972 1636 991 1719 ξ
1013 1634 1052 1699 de
1074 1635 1306 1701 accusatoribus

142 1745 321 1830 legimini,
344 1731 463 1810 oeriere
486 1766 559 1810 eum
580 1744 631 1809 his
649 1744 753 1809 verbis
776 1745 794 1808 e
815 1745 833 1828 ᾗ
858 1745 919 1808 16:
943 1741 1135 1824 διωμόσαντο
1159 1742 1192 1808 δέ
1217 1731 1303 1808 οὗτοι

141 1853 207 1935 μέν
242 1853 365 1917 κτεῖναί
397 1877 434 1935 με
459 1851 613 1917 Διόδοτον
636 1849 851 1938 βουλεύσαντα
873 1852 928 1916 τόν
951 1857 1120 1922 θάνατον.
1144 1852 1226 1918 hane
1247 1853 1306 1918 dif-

142 1961 322 2027 ficultatem
357 1963 475 2050 optime
510 1961 708 2045 removebis,
731 1961 758 2024 si
778 1964 886 2024 teneas
907 1961 979 2035 τους
1005 1963 1197 2042 κατηγόρους
1218 1958 1303 2024 ἄλλα

138 2071 206 2152 μὲν
245 2067 454 2154 διομόσασθαι
487 2067 573 2133 ἄλλα
607 2067 640 2133 δέ
674 2070 892 2132 αέτίαυασόαι.
930 2069 978 2134 Of.
1009 2071 1113 2154 §dh
1135 2068 1303 2152 ἀποφαίνω

138 2179 276 2251 τούτους
307 2181 365 2259 μὲν
388 2177 501 2252 αὐτούς
523 2203 556 2241 τε
578 2177 638 2241 ὑπὸ
661 2179 743 2259 σφών
768 2175 873 2240 αὐτῶν
897 2163 1153 2262 ἐξελεγχομένους
1176 2179 1229 2240 καί
1251 2177 1303 2240 ὑπ’

143 2288 244 2368 ἐμοῦ,
270 2288 322 2369 ἐμέ
347 2285 380 2350 δέ
403 2287 463 2350 ὑπό
485 2311 517 2350 τε
540 2289 659 2352 τοιίτων
683 2289 736 2349 καί
761 2284 814 2348 ὑπ’
837 2287 910 2367 ἐμοῦ
934 2284 1162 2368 ἀπολυόμενον.
1285 2333 1290 2346 .

188 2396 285 2479 §2st
319 2393 443 2469 ’Ἄξιον
478 2393 506 2458 δ’
544 2397 770 2477 ἐνθυμηθῆναι
808 2386 969 2477 ὦᾶνδρες
991 2395 1151 2477 οέμφότερα
1174 2397 1226 2456 καί
1249 2397 1303 2467 τῆς

140 2505 273 2584 γνώμης
295 2507 359 2568 τών
382 2502 554 2568 οίντιδίκων
578 2506 641 2568 κτέ.
668 2503 707 2567 In
726 2502 776 2566 his
799 2510 853 2577 τῆς
877 2505 1003 2585 γνώμης
1025 2523 1137 2569 verum
1155 2523 1222 2568 esse
1240 2521 1303 2566 non

138 2619 268 2702 potest:
286 2611 449 2677 'Reiskius
482 2612 608 2698 conjicit
645 2617 700 2676 sut
722 2616 780 2693 τὴν
804 2616 951 2696 γνώμην,
975 2617 1030 2676 sut
1052 2612 1088 2675 τό
1109 2615 1231 2674 ἄτοπον
1253 2608 1304 2674 vel

140 2723 211 2788 tale
233 2719 355 2808 aliquid
376 2719 483 2785 deesse
507 2725 607 2807 putet.

190 2831 283 2914 §22
306 2830 339 2891 οἳ
359 2829 430 2901 τοείς
453 2852 486 2891 τε
511 2824 622 2906 λογους
646 2827 718 2900 τοός
740 2823 915 2912 λεχθέντας
936 2830 1007 2910 περί
1029 2833 1084 2908 τῆς
1106 2830 1222 2900 πόσεως
1248 2828 1302 2888 τοῦ

142 2941 335 3020 φαρμάκου,
360 2939 414 2999 καί
437 2940 477 2999 τὰ
496 2934 685 3021 πραχθέντα
704 2939 810 2999 καίτὰ
822 2933 974 3017 λεγόμενα
988 2944 1095 3000 πάντα
1107 2935 1300 2999 ἐπίσταιντο.

140 3047 247 3112 Recte
280 3044 430 3110 Reiskius
462 3049 518 3109 sut
550 3044 654 3110 delere
688 3045 757 3110 vult
780 3047 833 3107 καί
856 3047 896 3108 τὰ
920 3041 1093 3125 λεγόμενα,
1120 3051 1175 3110 aut
1196 3044 1303 3131 legere

142 3152 199 3217 καί
241 3155 281 3216 τὰ
325 3156 488 3234 γενόμενα.
530 3153 673 3240 Apparet
713 3173 755 3217 ex
794 3153 935 3240 opposito
977 3155 1050 3228 τοός
1084 3150 1195 3233 λόγους
1230 3156 1302 3229 τοός

141 3260 336 3347 λεχθέντας.

189 3371 208 3455 fi
232 3372 283 3436 23.
307 3372 361 3455 καί
384 3367 467 3432 ι’έναι
488 3366 632 3433 ἐκέλευον
655 3365 797 3456 λαβόντα
818 3373 976 3454 μάρτυρας
997 3371 1129 3444 ὁπόσους
1149 3368 1297 3458 βούλοιτο

141 3480 198 3541 ἐπί
223 3479 294 3551 τοός
315 3475 592 3559 παραγενομένους
615 3474 714 3557 λέγων
737 3477 823 3562 αὐτῷ
845 3477 976 3559 ὀνόματι
999 3477 1146 3548 ἕκαστον.
1173 3481 1303 3554 τοιίτους

142 3589 265 3672 ἐρωτᾶν
290 3589 342 3650 καί
366 3583 517 3671 ἐλέγχειν.
541 3579 782 3661 Ααέοτοιίτονς
805 3591 924 3670 ἐρωτᾶν
946 3588 1033 3654 deest
1045 3588 1222 3673 conjunctio
1235 3588 1299 3652 καί.

192 3699 322 3770 τοιίτους
343 3698 461 3779 ἐρωτᾶν
485 3698 538 3758 καί
562 3692 710 3780 ἐλέγχειν,
734 3698 805 3771 τούς
826 3699 884 3778 μέν
909 3693 1148 3779 ἐλευθέρουςώς
1162 3699 1216 3780 χρὴ
1230 3697 1302 3770 τοός

144 3801 344 3886 ἐλευθέρους.
373 3805 452 3870 Jure
473 3804 684 3870 demstedtius
701 3805 736 3870 in
758 3806 1044 3871 observationibus:
1067 3807 1109 3880 ὠς
1134 3809 1189 3891 χρὴ
1219 3802 1303 3869 ἐλευ-

142 3908 274 3996 θέρους.

190 4021 209 4106 ξ
234 4021 286 4085 24.
320 4024 374 4083 καί
409 4019 499 4085 αὐτοί
533 4023 564 4084 οἱ
596 4020 742 4086 δικασταί
774 4026 828 4085 καί
850 4020 950 4104 ἐτεροι
974 4020 1099 4087 ἐδιώται
1122 4019 1244 4089 πολλοί.
1269 4021 1303 4088 Si

142 4127 225 4218 quid
248 4129 340 4196 video
362 4134 418 4194 aut
438 4128 538 4212 ἐ’τεροι
560 4136 616 4196 eut
640 4129 764 4195 ἰδιῶται
786 4129 976 4217 ejiciendum
999 4135 1055 4196 est.

191 4240 210 4324 §
232 4240 284 4304 25.
308 4242 510 4314 κατειπόντες
535 4261 595 4322 „se
618 4243 738 4303 ἑαυτῶν
761 4243 816 4304 aut
838 4242 900 4302 τῶν
924 4236 1114 4305 δεσποτῶν”.
1139 4240 1301 4307 Reiskiue

189 4347 284 4432 §N
322 4351 376 4410 καί
412 4350 439 4410 εἰ
470 4350 528 4429 μέν
563 4346 623 4428 ἐγὼ
656 4351 774 4412 τοιίτων
804 4338 1069 4430 προκαλουμένων
1092 4352 1133 4431 μὴ
1156 4346 1301 4432 ἠθέλησα

143 4455 220 4529 rede
252 4455 528 4539 παραγενομένους
560 4456 743 4538 οέποφῆναι,
776 4454 793 4531 d
831 4461 1034 4539 θεράποντας
1070 4457 1225 4533 ἐξαιτοῡσι
1262 4463 1303 4542 μὴ

145 4560 267 4644 ἤθελον
301 4562 483 4644 ἐκδιδόναι,
520 4562 663 4648 ἤᾶλλην
686 4569 760 4630 τινὰ
782 4563 955 4651 πρόκλησιν
980 4566 1134 4649 ἔφευγον,
1160 4566 1242 4632 αὐτὰ
1259 4572 1302 4634 ἂν
