3102 5310
777 383 819 450 22

262 575 473 660 Philocrates,
496 574 629 662 pecunia
650 576 837 642 subornatus
860 598 880 642 a
901 576 1029 642 Philino
1052 582 1083 642 61
1105 576 1268 642 Aristione
1279 575 1373 642 litem

220 684 260 748 de
281 683 378 748 fratre
399 705 455 748 suo
477 683 640 748 interfecto
661 683 797 750 intendit
818 685 853 749 iu
877 706 950 750 eum
972 684 1078 750 uirum
1098 685 1150 749 cui
1171 684 1250 748 haeo
1273 683 1375 748 616116

220 792 336 878 scripta
368 796 434 876 est,
467 791 563 878 idque
591 812 627 855 eo
650 791 778 856 consilio
798 792 872 857 feeit
893 792 1108 875 Philocrates,
1131 813 1171 856 ne
1191 791 1246 856 ille
1270 791 1375 856 Phili-

220 921 297 963 num
331 919 477 964 aocusare
505 905 608 985 posset
631 901 689 984 (§§
711 902 770 983 21,
795 903 835 965 35
858 903 948 988 sqq).
972 900 1084 987 Neque
1106 900 1294 964 subornatus
1315 899 1373 964 ille

219 1013 381 1072 accusator
423 1009 553 1094 ejusque
588 1009 712 1094 patroni
743 1009 883 1096 accipere
915 1009 1063 1074 volebant
1095 1029 1115 1072 6
1146 1027 1200 1073 166
1232 1007 1373 1074 oblatam

219 1114 451 1198 conditionem,
486 1121 522 1180 ut
553 1116 686 1181 testibus
718 1122 749 1182 et
781 1117 963 1204 quaestione
997 1116 1036 1183 de
1070 1116 1167 1181 servis
1201 1137 1234 1180 se
1267 1115 1374 1182 doceri

218 1227 420 1309 paterentur,
461 1223 549 1289 nullo
588 1224 659 1290 dolo
700 1226 783 1292 malo
823 1226 1011 1291 Philocratis
1051 1225 1180 1290 fratrem
1215 1225 1372 1292 interiisse

219 1333 250 1415 (ξ
273 1333 377 1415 22—§
400 1333 464 1415 32).
496 1331 557 1396 Sed
586 1354 658 1397 cum
680 1334 752 1399 Rex
776 1335 962 1418 Sacrorum,
986 1335 1075 1419 cujus
1091 1334 1161 1418 jam
1183 1333 1224 1397 61
1246 1333 1372 1399 exitum

217 1439 405 1526 properabat
436 1461 557 1524 annus,
590 1440 778 1506 Philocratis
812 1441 1072 1528 subscriptionem
1105 1445 1303 1527 recepturum
1338 1463 1373 1508 se

218 1553 382 1632 negasset,
416 1569 489 1612 cum
522 1569 575 1614 reo
608 1549 642 1614 iu
672 1551 809 1635 gratiam
841 1531 1003 1615 redierunt
1023 1548 1218 1614 Philocrates
1241 1552 1272 1613 et
1293 1548 1372 1634 alii,

216 1677 294 1743 quos
326 1655 472 1721 Philinus
506 1658 730 1724 subornaverat
754 1661 785 1743 (ξ
809 1661 912 1743 38-τὲ
935 1659 1012 1742 40);
1036 1657 1103 1744 ipse
1124 1677 1205 1722 1616
1222 1657 1372 1725 Philinus

217 1771 249 1830 61
280 1764 440 1850 Aristion,
470 1787 493 1830 a
525 1771 631 1831 nostro
663 1788 737 1854 reo,
762 1769 831 1852 jam
853 1767 942 1831 nulla
963 1787 997 1831 re
1018 1765 1186 1853 impedito,
1209 1766 1370 1850 accusati,

216 1893 332 1958 poenas
353 1873 515 1939 dederunt.
540 1871 588 1939 Ea
608 1874 796 1940 Philocratis
818 1896 890 1940 cum
913 1895 966 1940 reo
988 1879 1093 1940 nostro
1114 1895 1179 1960 pax
1190 1878 1222 1938 61
1231 1874 1374 1940 amicitia

215 1988 367 2068 perpetuo
393 1983 528 2066 mansit,
552 1983 650 2049 donee
672 1984 788 2048 iterum
813 1985 1064 2050 subornavertmt
1081 1983 1293 2048 Philocratem
1304 1983 1371 2068 alii,

216 2090 272 2175 qui
304 2111 324 2154 a
356 2111 409 2156 reo
442 2098 547 2156 nostro
581 2113 644 2157 non
677 2093 861 2158 metuebant
896 2093 1146 2175 accusationem,
1185 2091 1239 2156 sed
1261 2092 1370 2158 ulcisci

217 2197 365 2264 nolebant
386 2199 471 2264 mala
493 2199 553 2264 sibi
577 2200 618 2265 ab
643 2201 697 2266 illo
719 2201 808 2265 illata
830 2201 860 2286 (ᾗ
882 2203 924 2266 49
948 2201 1018 2287 66.);
1038 2199 1251 2265 subornarunt
1261 2204 1369 2264 autem

218 2311 254 2370 ut
282 2306 322 2371 dc
347 2328 428 2372 novo
457 2309 686 2374 accusationem
715 2310 755 2375 de
774 2310 870 2375 fratre
892 2309 1076 2392 interfecto,
1100 2329 1119 2372 6
1141 2329 1205 2395 qua
1222 2309 1290 2392 jam
1313 2307 1368 2376 de·

217 2414 355 2499 stiterat,
379 2416 566 2482 institueret.

260 2523 355 2588 Nunc
385 2545 472 2589 meas
506 2525 546 2590 61
568 2525 708 2612 singulos
730 2525 878 2592 orationis
900 2525 983 2591 locos
1003 2525 1235 2590 observationes
1256 2546 1369 2611 propo·

217 2651 313 2715 nam,
344 2637 375 2696 et
402 2633 471 2718 jam
505 2633 611 2698 statim
645 2633 766 2721 aliquid
799 2632 924 2718 dicam,
957 2634 1042 2721 quod
1065 2653 1175 2698 vereor
1197 2653 1237 2696 ne
1258 2653 1310 2698 me
1332 2633 1368 2698 in

217 2740 425 2827 suspicionem
455 2747 545 2806 16661
564 2741 703 2806 levitatis
727 2749 759 2807 61
779 2742 974 2808 temeritatis.
998 2742 1113 2806 Libere
1134 2746 1241 2807 tamen
1263 2762 1370 2808 meam

216 2848 403 2913 sententiam
436 2850 622 2936 proloquar,
646 2872 772 2937 sperans
793 2852 859 2916 fore
881 2855 917 2915 ut
939 2855 994 2915 aut
1014 2850 1183 2916 lectoribus
1205 2871 1275 2916 eam
1297 2872 1369 2937 pro-

216 2955 289 3021 bem
312 2962 367 3020 aut
389 2958 456 3044 ipse
478 2978 497 3021 a
517 2958 773 3045 prudentioribus
795 2959 927 3024 meliora
949 2957 1089 3024 edocear.
1112 2959 1176 3024 Res
1198 2964 1305 3024 autem
1323 2959 1369 3024 sic

217 3086 250 3129 66
269 3064 374 3131 habet.
397 3065 524 3131 Accidit
546 3071 603 3150 ut,
625 3067 733 3154 quiin
754 3072 819 3132 toto
845 3067 1043 3155 Antiphonte
1054 3072 1127 3131 sunt
1137 3067 1325 3133 nobilissimi
1335 3072 1369 3132 et

216 3173 392 3259 longissimi
413 3174 474 3240 loci
494 3196 693 3259 communes,
719 3175 759 3241 de
778 3176 886 3262 legum
908 3175 948 3240 ob
961 3175 1182 3262 antiquitatem
1194 3176 1369 3261 sanctitate,

217 3288 249 3348 61
282 3283 321 3349 16
353 3283 387 3347 vi
418 3281 686 3349 condemnationis
707 3284 746 3348 dc
768 3284 881 3368 caede,
905 3289 941 3348 ut
962 3283 996 3348 hi
1019 3283 1081 3348 duo
1103 3283 1164 3348 loci
1179 3305 1370 3350 communes

216 3392 252 3456 in
273 3391 407 3480 utraque
428 3394 588 3476 oratione,
612 3398 643 3458 61
664 3393 698 3457 in
721 3393 832 3480 quinta
853 3398 886 3458 et
907 3393 942 3458 in
964 3398 1073 3477 sexta,
1095 3392 1250 3478 legantur.
1286 3391 1369 3458 Gon·

217 3503 312 3568 tendo
339 3507 445 3568 autem
466 3503 603 3590 priorem
623 3503 841 3568 tantummodo
863 3503 896 3566 in
918 3502 1049 3588 quinta,
1073 3501 1208 3566 aiterum
1228 3505 1368 3580 tantum-

133 3667 138 3687 ,
219 3612 313 3678 modo
334 3612 369 3675 in
392 3615 483 3676 sexta
505 3611 644 3675 61611616
665 3615 749 3674 16616
771 3596 1140 3675 sedemsuamobtinere.
1163 3607 1368 3675 Eliminanda

178 3752 181 3760 ·
219 3743 294 3806 ergo
325 3725 418 3785 eruut
441 3740 482 3784 ex
503 3723 609 3784 nostra
633 3718 772 3784 oratione
794 3719 813 3802 g
835 3719 855 3782 2
878 3717 975 3782 rerba
996 3717 1069 3782 inde
1092 3739 1110 3782 a
1133 3721 1186 3780 aut
1211 3715 1283 3790 τούς
1308 3718 1367 3798 μὲν

219 3833 332 3910 νόμους
356 3827 517 3915 usquead
540 3824 740 3891 διδάσκουσιν
764 3823 781 3900 i
805 3825 858 3910 61,
884 3831 919 3890 ut
942 3846 1023 3912 quae
1041 3826 1124 3891 male
1142 3825 1205 3890 sint
1215 3825 1368 3892 translata

218 3959 260 4002 ex
289 3958 333 4001 or.
355 3936 396 4001 V.
418 3938 437 4021 g
461 3939 510 4001 14.
533 3936 573 4001 In
595 3935 734 4000 oratione
755 3934 840 4000 enim
863 3933 974 4020 quinta
994 3934 1152 4021 praeeedit
1174 3934 1367 4001 demonstra·

217 4045 262 4109 tio
293 4044 333 4109 de
365 4044 488 4131 legibus
519 4045 559 4110 ab
592 4044 778 4110 adversariis
812 4043 958 4128 violatis,
988 4044 1105 4130 optime
1127 4065 1201 4129 ergo
1225 4043 1367 4131 sequitur

219 4153 372 4240 expositio
404 4153 444 4218 de
475 4153 598 4239 legibus
631 4153 769 4240 antiquis
790 4157 821 4217 et
843 4173 918 4238 ergo
939 4151 1054 4216 sanctis
1076 4156 1107 4216 et
1128 4157 1271 4217 accurate
1294 4152 1366 4218 reli·

218 4263 366 4348 gioseque
395 4262 612 4346 observandis3
635 4260 688 4326 sed
717 4283 755 4326 ea
775 4261 883 4348 legum
905 4261 1076 4347 antiquitas
1099 4261 1309 4348 sanctitasque
1331 4260 1366 4326 in

217 4371 356 4436 oratione
388 4376 479 4436 sexta
510 4392 612 4458 neque
634 4391 707 4435 cum
728 4369 1109 4458 praecedentibusneque
1131 4393 1204 4436 cum
1229 4389 1361 4458 sequen-

218 4480 304 4544 tibus
324 4483 407 4544 recte
429 4479 578 4566 conjungi
598 4484 717 4566 potest,
735 4498 837 4565 neque
858 4498 983 4564 prorsus
1007 4478 1082 4545 ferri
1103 4485 1204 4565 potest
1227 4501 1264 4547 eo
1286 4479 1364 4545 loco.
