3102 5310
780 476 820 538 14

215 665 388 732 Reiskiano
411 667 707 755 καταψευσόμένος,
726 670 778 736 vel
799 669 963 734 Blassiano
981 667 1259 754 κατεηιευσμένοςγ
1283 670 1372 757 prius

214 777 300 842 enim
332 775 518 856 ἐγίγνωσκεν
544 784 726 866 corruptum
749 783 816 863 eet3
839 799 914 844 nam
935 797 1018 864 quae
1039 782 1087 842 eet
1106 777 1185 843 haee
1206 779 1371 864 oppositio:

215 883 273 960 ἕως
306 886 364 968 μέν
399 879 455 951 οὗν
490 887 765 966 triremem...
802 884 966 968 ἐπειδὴδὲ
991 885 1366 965 εγίγυωσκενέΝσΙΙοω

216 998 325 1061 tamen
356 995 546 1062 medicinam
578 1001 721 1084 paratam
752 996 854 1062 habeo
885 995 948 1061 nisi
979 989 1062 1062 hano
1083 995 1370 1083 smpioionemzin

217 1103 387 1193 archetypo
408 1104 559 1193 seriptum
581 1109 649 1171 erat
669 1105 704 1170 in
723 1104 810 1171 hune
830 1103 982 1170 modum:

576 1210 647 1288 ’έως
662 1215 720 1298 μέν
742 1205 799 1279 οὖν
821 1215 899 1294 μετὰ
923 1217 1054 1298 χρηστῆς
1075 1210 1202 1302 ἐλπίδος

369 1319 579 1407 κατιψεύδετό
612 1344 674 1405 μου
706 1324 808 1405 τούτῳ
832 1319 1039 1408 δι’ίσχυρέζετο
1061 1326 1106 1406 τῷ
1131 1319 1236 1407 λόγῳ,

369 1421 532 1512 ἐπειδὴδὲ
556 1431 744 1511 ἐγίγνωσκεν
768 1429 1031 1513 ἀποθανούμενος
1055 1433 1119 1498 ιιτέ.

261 1537 313 1604 Ex
335 1559 372 1604 eo
394 1539 564 1628 archetypo
586 1539 668 1606 alius
690 1539 870 1606 describens
891 1539 1028 1606 alterum
1050 1537 1241 1606 versiculum
1264 1537 1373 1612 omisit

216 1651 249 1712 et
281 1667 419 1714 errorem
451 1669 545 1714 suum
573 1649 643 1734 jam
665 1648 780 1735 scripte
803 1649 990 1727 ἐγίγνωσκεν
1014 1646 1209 1732 observavit,
1232 1666 1367 1734 eamque

215 1775 325 1822 vonam
357 1756 600 1843 circumscripsit
631 1755 782 1845 quidem,
813 1755 867 1822 sed
897 1760 1005 1822 tamen
1037 1755 1072 1822 'm
1103 1760 1196 1822 textu
1217 1755 1368 1840 retinuit,

214 1862 260 1930 ita
291 1869 328 1930 ut
358 1865 471 1952 leutio,
504 1885 601 1953 quam
635 1885 720 1930 nuno
751 1863 927 1950 habemus,
960 1885 1019 1952 pro
1049 1863 1157 1952 inepto
1171 1862 1370 1931 correctione

215 1973 385 2041 verborum
408 1973 577 2054 ἐγίγνωσκε
596 1971 812 2058 ’κατεψεύδετο
834 1973 876 2038 sit
897 1972 1052 2040 habenda.

259 2083 278 2167 ξ
311 2083 363 2148 34.
398 2080 652 2167 διαπειραθέυτα
685 2079 815 2147 ἀάυτὸυ
838 2084 878 2146 τὰ
907 2081 1010 2166 ψευδῆ
1033 2079 1160 2164 λέγειν,
1182 2080 1310 2166 ὕστερον
1333 2077 1367 2144 δέ

218 2185 343 2272 τάληθῆ
366 2187 503 2271 λέγοντα
524 2189 673 2275 οὐδέτερα
689 2188 861 2274 ὠφέλησεν.
886 2189 938 2257 Ex
959 2190 1011 2256 his
1028 2191 1117 2258 nulla
1128 2211 1204 2258 sana
1214 2189 1370 2258 sententia

216 2297 289 2364 elini
309 2301 431 2386 potest3
447 2301 617 2389 'quumque
639 2297 892 2384 innascentium
912 2300 969 2368 vix
988 2305 1170 2388 eorruptum
1189 2321 1257 2366 esse
1274 2298 1372 2387 possit

214 2425 257 2472 ex
289 2407 351 2472 alio
384 2407 548 2496 participio
582 2429 609 2474 e.
633 2431 660 2475 ο.
683 2406 954 2490 ἀναγκασθέντα,
987 2408 1133 2476 lubenter
1155 2406 1371 2476 Herwerdeno

215 2515 368 2581 assentior
388 2516 535 2583 lacunam
557 2517 718 2584 statuenti.

261 2625 279 2710 ξ
312 2627 364 2692 35.
396 2627 536 2702 τεθνεὼς
569 2625 603 2691 δέ
636 2628 693 2692 τὸν
722 2627 781 2708 μέν
804 2623 934 2712 έλεγχον
955 2630 1010 2708 τῆς
1032 2622 1187 2710 ἀληθείας
1209 2621 1372 2708 ἀπεστέρει

217 2730 262 2797 δι’
285 2732 380 2799 αὐτοῦ
402 2743 458 2800 τοῦ
479 2739 622 2818 σώματος
642 2731 877 2818 ἀπολλυμένου.
900 2734 1000 2802 Haud
1020 2735 1103 2801 male
1125 2733 1263 2821 corrigas
1273 2728 1358 2798 ἀπολ

217 2839 376 2925 λύμενους
399 2845 518 2911 etenim
539 2847 559 2909 ὁ
580 2842 706 2931 ἐλεγχος
729 2842 783 2909 διὰ
805 2846 1024 2926 τοῦσώματος
1047 2840 1229 2910 ἀπώλλυτο.

259 2951 278 3035 ξ
312 2953 364 3017 37.
397 2951 517 3038 Reate,
548 2958 584 3018 ut
614 2954 742 3041 opinor,
777 2952 935 3041 Sauppius
958 2952 1004 3018 ita
1024 2952 1218 3040 transposuit
1238 2951 1311 3025 τούς
1335 2945 1370 3012 δέ

215 3055 386 3142 προτέρους
408 3057 521 3141 λόγους
543 3061 619 3137 ὥςτε
641 3060 799 3146 μηδέποτε
823 3064 868 3138 είς
889 3063 924 3128 τὸ
943 3058 1063 3145 ἀληθές
1082 3066 1279 3142 καταστῆναι
1289 3053 1370 3140 ἦσαν

216 3167 246 3230 οἱ
267 3166 488 3249 ἀφανιοῦντες.

258 3277 278 3362 ξ
300 3279 351 3342 38.
375 3280 429 3341 καί
452 3281 480 3342 εἰ
497 3279 555 3361 μέν
576 3277 637 3360 ἐγὼ
656 3279 713 3344 τὸν
733 3278 839 3364 ἄνδρα
857 3281 1080 3362 ἠφάνισαέημέγ
1092 3273 1210 3359 ἤθελον
1222 3273 1371 3340 ἐκδοῦναι

215 3388 337 3459 τούτοις
359 3389 380 3468 ἤ
400 3383 501 3452 ἄλλον
523 3390 598 3452 τινὰ
620 3387 753 3472 ἔφευγον
779 3387 920 3475 ἔλεγχον.
948 3387 1056 3462 αὐτοῖς
1077 3389 1120 3451 ἂν
1142 3387 1264 3459 τούτοις
1286 3385 1370 3469 ἰσχυ-

215 3497 358 3577 ροτάτοις
381 3497 425 3570 εἷς
447 3497 486 3559 τὰ
510 3501 680 3580 πράγματα
703 3499 850 3583 ἐχρῶντο,
877 3499 931 3560 καὶ
949 3491 987 3578 ἦν
1006 3503 1108 3560 ταῦτα
1120 3493 1227 3570 αὐτοῖς
1238 3491 1370 3576 μέγιστα

214 3608 365 3687 τεκμήρια
387 3601 458 3667 κατ’
480 3605 562 3688 ἐμοῦ.
585 3605 676 3673 Idem
698 3611 922 3693 argumentum
943 3604 1041 3670 habes
1062 3624 1107 3670 or.
1130 3603 1158 3668 Ι.
1179 3605 1198 3688 ξ
1223 3605 1273 3670 11.

257 3712 348 3797 543.
382 3717 540 3797 μάρτυρας
572 3718 626 3777 καλ
658 3711 852 3800 συμβούλους
874 3715 1055 3797 ἐποιούμην.
1077 3711 1167 3780 Num
1188 3714 1272 3776 recto
1295 3729 1369 3791 συμ-

208 3817 369 3906 ’βούλουςλ
391 3821 557 3888 Praecedit
578 3823 663 3889 anim
685 3821 746 3906 ἤδη
768 3820 989 3907 πεπραγμένου
1009 3846 1062 3906 μοι
1085 3825 1140 3887 τοῦ
1162 3819 1266 3905 έργου.

253 3930 346 4014 §45.
378 3933 418 3994 τά
449 3928 479 3995 τ’
512 3932 546 3996 έν
581 3939 620 4016 τῇ
651 3940 692 4017 γῇ
720 3931 979 4008 ὄνταάναξιλσαι
1002 3931 1117 3998 καὶτὰ
1141 3932 1175 3996 έν
1198 3931 1243 4012 τῷ
1266 3921 1367 4008 πλοίῳ

210 4035 454 4118 ἀποσπογγέσαι.
477 4039 674 4127 Partioipum
696 4042 775 4106 ὄντα
786 4041 904 4128 injuria
916 4041 1050 4130 alicujus
1061 4037 1251 4108 substantivi
1261 4032 1368 4102 sedem

208 4167 360 4235 eooupare
381 4147 516 4213 videtur.
540 4147 691 4212 Reiskius
714 4149 846 4235 conjecit
867 4149 952 4235 ἰ’χνη.

250 4257 343 4342 §st
376 4255 393 4317 ὃ
423 4253 495 4318 οὐδὲ
519 4251 609 4319 πόλει
633 4253 746 4337 steen,
769 4261 849 4322 ἄνευ
870 4255 1069 4340 Ἀθηναίων
1093 4254 1210 4324 οὐδένα
1231 4258 1367 4338 θανάτῳ

210 4362 373 4447 ζημιῶσαι.
407 4362 457 4429 So.
492 4363 612 4429 civitati
646 4365 811 4431 sociorum.
847 4364 953 4442 Quare
988 4365 1080 4432 sociis
1111 4386 1175 4432 non
1196 4364 1305 4432 liceret
1327 4363 1367 4431 de

206 4473 315 4561 aliquo
345 4470 464 4539 civium
492 4492 622 4539 suorum
645 4473 834 4561 supplicium
859 4474 992 4562 capitale
1015 4494 1159 4559 sumere,
1183 4472 1261 4540 vide
1278 4471 1364 4561 apud

208 4583 295 4652 Max.
327 4580 553 4649 Frsenkelium
575 4581 627 4648 die
648 4581 815 4650 Attisohen
837 4581 1230 4670 Gesehworenengeriehte
1254 4603 1287 4670 p.
1312 4583 1365 4647 48.
