3102 5310
795 451 836 515 26

286 641 303 724 ξ
339 643 388 708 10.
422 645 491 706 οὔτε
525 647 584 727 γὰρ
619 642 657 724 δὴ
692 631 729 707 οὗ
760 649 780 724 η’
809 640 898 716 πόλις
923 639 1100 728 ἐλάμβανεν
1123 646 1165 707 ἂν
1191 641 1283 726 δίκην
1307 645 1336 709 ἐν’
1358 672 1393 710 τι

242 747 385 844 ἠδίκητο.
405 751 548 817 ἐνταῦθα
581 757 640 833 τὴν
673 754 866 836 κατηγορίαν
901 757 1047 816 ποιεῖται.
1080 751 1186 827 Quare
1215 753 1317 819 editor
1335 777 1399 842 pro

245 863 380 921 nutrirat
414 861 572 948 scripserit
603 867 765 926 ποιεῖσθαι
801 866 832 926 ct
853 866 926 926 ante
947 863 1004 940 τὴν
1029 862 1221 944 κατηγορίαν
1244 863 1396 928 lacunam

244 967 391 1031 statuerit
411 990 474 1034 uon
497 971 659 1058 perspicio.
685 971 960 1058 simplicissimum
983 975 1133 1036 eratoum
1145 970 1398 1058 Reiskiolegere

243 1079 409 1139 ποιοῦνται
443 1082 474 1141 et
506 1077 550 1142 sie
582 1078 760 1165 explicare:
793 1100 857 1143 nou
889 1079 974 1144 enim
1004 1098 1056 1144 me
1078 1079 1125 1144 ibi
1146 1084 1313 1163 accusant,
1335 1081 1396 1145 ubi

242 1182 452 1270 Respublica,
476 1186 502 1249 si
523 1185 608 1252 laesa
627 1192 708 1253 esset
729 1207 845 1274 poenas
865 1208 885 1251 a
905 1208 957 1252 me
979 1192 1125 1253 sumeret.
1151 1186 1214 1270 (So.
1226 1187 1394 1272 injudicio

243 1289 282 1356 de
304 1293 478 1366 rationibus
494 1294 689 1380 reddendis.)
818 1315 820 1319 ·

285 1401 303 1484 ξ
331 1402 380 1464 11.
404 1398 604 1488 Quamquam
627 1425 690 1468 uon
711 1403 813 1490 placet
834 1401 958 1468 Reiskii
980 1391 1158 1488 conjectura
1179 1399 1312 1487 ἐνέχυρα
1334 1402 1396 1486 βίᾳ

242 1506 398 1593 ἀφαιρῶν,
420 1514 527 1576 tamen
537 1510 577 1576 de
587 1512 743 1578 locutione
755 1510 887 1598 ἐνέχυρα
899 1513 955 1597 βίᾳ
969 1509 1070 1594 φέρων
1082 1517 1129 1577 est
1141 1511 1225 1598 quod
1237 1511 1394 1577 dubitem.

158 1628 162 1636 ·
285 1614 471 1699 ἀμφοτέροις
496 1619 594 1700 „mihi
616 1620 892 1707 parentibusque.”
915 1619 1075 1684 Reiskius.

286 1723 346 1802 ἐγὼ
379 1727 437 1807 μὲν
461 1724 606 1791 ἐκέλευον
629 1732 681 1790 καί
704 1729 854 1811 ᾑτοιίμην,
879 1730 911 1790 οἳ
932 1726 962 1791 δ’
985 1731 1108 1801 ἑκόντος
1130 1731 1184 1792 καὶ
1206 1725 1396 1813 βουλόμενοι

243 1831 395 1914 ἔπεμπον.
430 1835 482 1901 Ita
513 1837 649 1919 ᾐτοιίμην
678 1837 844 1904 Bekkerus
876 1859 933 1925 pro
966 1840 1114 1918 ἡγούμην.
1150 1837 1231 1902 Mihi
1263 1837 1396 1924 quidem

241 1943 376 2025 ᾗτοιίμην
399 1945 495 2010 verbo
519 1942 663 2010 ἐκέλευον
686 1946 830 2011 additum
853 1967 1120 2032 supervacaneum
1142 1945 1269 2011 videtur
1281 1950 1312 2010 et
1323 1945 1397 2009 lan·

240 2049 383 2134 gnidum.
407 2053 527 2128 Quidni
549 2057 688 2136 η’γοιίμην
712 2076 783 2119 cum
794 2053 1130 2142 Reiskioexplicemus
1144 2054 1396 2142 „praecipiebam

240 2181 303 2246 quo
323 2160 390 2226 loco
413 2163 517 2227 etc.'’P

282 2269 300 2352 ᾗ
324 2270 374 2333 12.
396 2269 470 2335 Not.
493 2277 532 2354 τῇ
553 2269 652 2356 βουλῇ
676 2273 729 2333 καί
752 2277 817 2344 τοῖς
837 2267 948 2345 ἄλλοις
970 2269 1177 2353 Ἀθηναίοις.

282 2377 301 2460 ᾗ
325 2379 375 2442 13.
410 2377 438 2442 ιί
471 2403 502 2442 τι
535 2377 646 2461 φράζοι
680 2380 700 2441 0‘
729 2377 917 2453 διδάσκαλος
948 2376 965 2452 ἢ
999 2377 1096 2453 ἄλλος
1117 2405 1165 2453 τις
1186 2382 1314 2448 τούτων.
1338 2382 1396 2447 Ad

240 2487 359 2549 τούτων
381 2485 531 2552 Reiskius
553 2491 698 2553 annotat:
724 2487 887 2574 „designat
909 2488 1154 2554 Phanostratum
1173 2488 1393 2576 etAmyuiam

239 2598 270 2658 et
291 2594 420 2659 tertium
442 2597 531 2681 cujus
553 2617 668 2661 nomen
690 2597 869 2662 reticetur.’'
894 2596 956 2662 Sed
975 2618 1052 2662 num
1075 2597 1303 2663 Phanostratus
1319 2619 1394 2664 cum

240 2701 368 2788 collegis
390 2709 471 2768 recte
495 2703 625 2791 apellari
646 2704 767 2791 possint
788 2689 874 2767 οὗτοι
896 2704 1100 2770 vehementer
1118 2705 1237 2772 dubito.
1260 2706 1397 2774 Accedit

238 2811 321 2895 quod
343 2813 461 2877 τούτων
483 2813 518 2877 iu
539 2813 605 2878 eod.
630 2813 750 2900 Oripps.
774 2813 808 2876 iu
831 2834 940 2878 rasura
961 2819 1017 2878 est.

280 2920 299 3003 ὅ
323 2922 372 2985 14.
396 2924 450 2984 καὶ
474 2925 592 2985 τοιίτων
617 2922 697 2985 riu
720 2919 878 3004 ψεύδομαι
902 2920 1000 2996 ἔξεστι
1023 2929 1066 3014 τῷ
1089 2925 1254 3008 κατηγόρῳ
1272 2920 1395 3003 ἐξελέγ-

237 3023 291 3099 ξαι
326 3028 360 3092 ἐν
392 3033 437 3111 τῷ
465 3028 582 3112 ὑστέρῳ
611 3026 694 3112 λόγῳ
722 3032 784 3104 ὃ,τι
813 3033 855 3094 ἂν
878 3028 1041 3114 βούληται.
1067 3032 1169 3096 Nemo
1191 3033 1302 3118 opinor
1322 3038 1396 3118 post

238 3132 391 3219 βούληται
415 3137 612 3213 desiderabit
626 3139 781 3203 insulsum
805 3141 921 3212 εἰπεῖν,
944 3139 1244 3225 quodineodicibus
1255 3139 1394 3204 additur.

281 3245 299 3328 ᾖ
323 3247 373 3312 15.
409 3250 462 3308 καί
498 3245 534 3310 οὐ
570 3250 689 3311 τοιίτιον
723 3245 819 3310 ἕνεκα
851 3253 952 3311 ταῦτα
981 3246 1099 3332 σφόδρα
1130 3245 1219 3326 λέγω.
1245 3246 1330 3324 Quid
1352 3249 1397 3312 sit

238 3353 358 3438 σφόδρα
389 3353 493 3435 λέγειν
516 3377 579 3421 uon
602 3356 714 3442 video,
737 3378 796 3423 uec
813 3357 951 3424 multum
971 3357 1081 3444 profici
1105 3357 1197 3422 credo
1219 3357 1395 3422 Reiskiano

237 3465 318 3530 οὕτω
340 3463 461 3547 σφόδρα
480 3461 581 3545 λέγοις
602 3485 677 3528 nam
699 3470 801 3531 totum
824 3465 904 3531 illud
927 3464 1046 3549 σφόδρα
1068 3461 1149 3544 λίνω
1169 3465 1324 3552 puerilem
1341 3465 1392 3529 in-

239 3575 496 3662 terpretationem
518 3595 585 3639 esse
608 3573 742 3640 arbitror
761 3575 871 3659 verbi,
895 3576 988 3662 quale
1009 3581 1056 3639 est
1080 3574 1284 3660 ιὀχορίζομαι.

281 3685 373 3768 §la
409 3680 559 3761 γενέσθαι
592 3679 701 3763 μέντοι
737 3685 777 3746 τὰ
809 3687 850 3765 μὴ
873 3687 1026 3765 γινόμενα
1047 3687 1101 3746 καί
1124 3681 1247 3748 ἀδικεῖν
1270 3683 1325 3748 τὸν
1348 3689 1391 3767 μὴ

238 3790 412 3856 ἀδικοῦντα
445 3789 502 3853 οὐκ
535 3792 569 3856 ἐν
604 3795 669 3866 τοῖς
701 3796 821 3858 τοάτοον
851 3791 955 3874 λόγοις
978 3797 1111 3876 ἠγοῦμαι
1134 3785 1238 3866 εἶναι,
1264 3787 1335 3854 ἀλλ’
1356 3795 1392 3858 ἐν

240 3905 284 3984 τῷ
321 3899 435 3982 δικαίῳ
465 3903 519 3962 καί
549 3903 594 3984 τῷ
613 3898 741 3983 ἀληθεῖ.
766 3901 910 3969 Profecto
933 3902 1087 3970 mirabilis
1109 3923 1148 3968 aa
1168 3901 1216 3966 vis
1232 3901 1320 3986 justi
1342 3919 1394 3965 oe·

237 4011 330 4095 rique
362 4014 431 4093 est,
466 4029 530 4095 qua
561 4009 695 4075 efficitur
729 4015 766 4075 ut
798 4009 893 4096 ἀδικῇ
929 4013 949 4075 o‘
978 4016 1019 4092 μὴ
1042 4008 1174 4077 ἀδικῶν.
1198 4007 1395 4085 Quantocius

240 4118 364 4206 expelle
397 4118 540 4204 ineptum
574 4118 824 4186 additamentum
858 4118 929 4183 ἀλλ’
960 4121 994 4186 ἐν
1029 4123 1073 4204 τῷ
1108 4115 1222 4202 δικαίῳ
1255 4119 1309 4180 καί
1343 4120 1391 4200 τῷ

241 4224 376 4309 ἀληθεῖ,
401 4226 435 4290 in
458 4225 573 4313 quibus
595 4227 700 4292 verbis
721 4229 787 4313 jam
808 4229 909 4297 haesit
930 4227 1090 4298 Reiskius.

282 4334 368 4412 Quid
389 4340 436 4400 est
459 4335 510 4398 ἐπὶ
533 4336 661 4418 σμικρὸν
683 4335 831 4404 ὑπονοεῖν
854 4342 894 4405 τά
918 4337 1099 4423 λεγόμεναὲ
1133 4337 1231 4404 Recte
1253 4335 1395 4402 conferre

240 4444 367 4510 videtur
395 4443 594 4510 Mastanerus
622 4443 744 4514 Andoc.
770 4447 788 4514 I
810 4449 828 4534 ξ
851 4451 889 4515 9:
911 4453 986 4534 μήτε
1007 4447 1155 4514 ὑπονοεῖν
1178 4450 1218 4512 τὰ
1240 4443 1393 4525 λεγόμενα

240 4558 314 4633 μήτε
337 4555 459 4636 ῥήματα
482 4555 639 4637 θηριιίιιν.
1293 4575 1295 4580 ·
