3102 5310
832 561 871 622 18

276 747 371 814 lende
393 747 541 816 videntur
562 727 660 816 verbs
681 748 754 814 ἀλλ’
774 750 830 836 οὐχ
853 753 930 836 ὑπὲρ
954 753 1050 818 αὑτοῦ
1069 755 1178 834 μόνον,
1199 774 1281 840 quse
1292 755 1423 822 minime

277 857 451 924 necessarie
472 864 566 942 sunt,
591 864 623 924 et
644 859 830 946 disjungunt
851 882 932 948 quoe
951 883 1015 927 non
1038 867 1112 926 sunt
1132 861 1351 950 disjungenda.

319 968 336 1050 ἓ
367 968 418 1031 61.
453 968 486 1030 ἐν
518 966 619 1046 οἰχῶνι
642 971 696 1030 καί
720 966 859 1054 κινδιίνῳ
881 967 1006 1052 μεγάλῳ
1028 977 1270 1052 καταστήσαντι.
1293 973 1344 1040 De
1365 974 1423 1042 hae

276 1078 433 1138 struotuna
463 1074 528 1140 vid.
563 1075 717 1144 Oobetum
749 1077 868 1144 Mnem.
902 1078 1010 1164 VIII,
1042 1083 1117 1165 264,
1141 1085 1173 1146 et
1194 1080 1233 1148 of.
1255 1103 1299 1148 or.
1323 1081 1341 1146 I
1362 1085 1418 1168 §1

278 1184 311 1246 ἐν
334 1179 471 1266 διαφορᾷ
494 1189 700 1267 καταστῆναι.

319 1292 337 1374 ξ
370 1293 411 1356 62
445 1287 527 1353 ἀλλὰ
560 1297 619 1376 γάρ
653 1295 797 1358 ἐνταῦθα
827 1296 885 1376 μὲν
908 1294 1028 1378 οίφῆκεν
1062 1295 1173 1378 αὐτήν·
1207 1296 1243 1362 οὐ
1277 1301 1336 1383 γάρ
1358 1299 1420 1364 ἔδει

278 1397 475 1464 κινδυνεύειν
510 1399 607 1465 αὐτὸν
641 1402 712 1484 περί
743 1425 777 1465 τε
810 1403 905 1467 αὑτοῦ
940 1404 992 1470 καί
1025 1407 1096 1488 περί
1117 1405 1200 1487 ἐμοῦ·
1224 1409 1366 1474 ἐνταῦθα
1388 1408 1421 1473 δὲ

277 1504 504 1596 ἐπεβούλευεν,
528 1510 562 1573 ἐν
585 1496 612 1594 ᾦ
634 1508 786 1590 γνωσθείς
807 1514 849 1577 ἂν
873 1512 1032 1597 ἀπεστέρει
1055 1517 1113 1595 μὲν
1133 1516 1184 1596 ἐμὲ
1197 1521 1251 1596 τῆς
1262 1509 1423 1602 πατρίδος,

277 1613 438 1700 οἷπεστίρει
463 1615 497 1681 δὲ
521 1619 635 1682 ἑαυτὸν
659 1620 748 1700 ἱερῶν
769 1624 823 1684 καί
841 1621 932 1686 ὁσίων
945 1625 998 1684 καί
1011 1625 1074 1688 τῶν
1085 1619 1192 1688 ἄλλων
1203 1625 1283 1708 ἅπερ
1293 1623 1425 1706 μέγιστα
1453 1635 1455 1640 ’

276 1730 330 1790 καί
364 1729 433 1808 περὶ
468 1722 616 1790 πλείστου
641 1728 726 1792 ἐστίν
750 1728 945 1812 ἀνθρώποις.
969 1729 1119 1795 ReiskiUs
1139 1753 1197 1818 pro
1219 1731 1255 1794 οὐ
1278 1735 1336 1816 γάρ
1360 1733 1425 1800 ἔδει

274 1835 371 1902 habet
404 1828 497 1919 οὗπερ
521 1833 577 1898 οὐκ
600 1833 676 1900 ἔδει.
700 1837 818 1922 Reote,
841 1839 946 1926 siquid
968 1838 1078 1924 video,
1100 1846 1226 1927 propter
1247 1843 1424 1930 oppositum

276 1945 421 2020 ἐνταῦθα
443 1942 495 2009 δι’,
511 1989 542 2008 ..
567 1946 601 2010 ἐν
624 1934 651 2030 ᾧ
663 1989 673 2022 ,
697 1945 751 2012 sed
773 1946 857 2034 unde
880 1947 1027 2012 sumserit
1048 1969 1111 2012 non
1132 1949 1268 2016 Invenio.
1325 1973 1326 1976 ¹

318 2055 336 2137 ἕ
360 2056 400 2119 63
424 2058 477 2116 καί
498 2056 556 2134 μὲν
580 2052 617 2135 δὴ
641 2060 695 2134 τῆς
718 2056 822 2140 χρείας
843 2061 897 2135 τῆς
921 2057 993 2136 ἐμῆς
1015 2059 1068 2120 καί
1088 2058 1233 2122 Λυκίνου
1245 2062 1336 2123 τοῦτο
1348 2060 1425 2142 ὑμῖν

274 2161 422 2246 μέγιστον
456 2167 619 2246 τεκμήριόν
651 2164 735 2228 ἐστιν
769 2165 818 2227 ὅτι
841 2162 876 2225 οὐ
900 2162 1019 2246 σφόδρα
1042 2166 1184 2250 ἐχρώμην
1200 2167 1269 2246 Ιἐγὼ
1292 2170 1424 2254 Λυκίνῳ

277 2270 359 2354 φίλῳ
392 2273 433 2345 ὡς
456 2275 563 2336 πάντα
585 2281 713 2352 ποιῆσαι
734 2275 776 2337 ἂν
801 2271 936 2355 τοίκείυῳ
958 2271 1123 2340 δοκοῦντα.
1148 2274 1189 2338 In
1210 2275 1260 2340 his
1282 2275 1426 2364 dIsplioet

274 2380 381 2468 inepta
401 2382 517 2446 locutio
539 2387 593 2462 τῆς
617 2382 719 2466 χρείας
742 2387 907 2465 τεκμήριον
967 2432 973 2447 .
990 2432 997 2446 .
1020 2385 1069 2447 ὅτι
1082 2381 1117 2445 οι)
1129 2381 1248 2467 σφόδρα
1260 2385 1422 2470 ἐχρώμην,

277 2510 335 2554 nec
369 2489 449 2554 mihi
482 2490 671 2577 persuadere
701 2513 830 2578 possum
864 2491 961 2556 verbe
992 2498 1046 2572 τῆς
1070 2491 1172 2576 χρείας
1194 2499 1249 2573 τῆς
1274 2495 1347 2575 ἐμῆς
1368 2499 1424 2560 καὶ

278 2599 424 2662 Λυκίνου
447 2599 487 2663 ab
510 2598 716 2686 Antiphontis
738 2621 836 2664 manu
857 2619 944 2683 esse,
967 2600 993 2664 si
1014 2599 1100 2664 enim
1122 2619 1160 2664 eo
1181 2598 1352 2668 addidisset
1360 2624 1426 2669 non

276 2706 392 2772 iterum
426 2707 542 2792 Lycini
575 2727 690 2772 nomen
722 2707 895 2794 posuisset,
930 2707 983 2772 sed
1012 2729 1069 2794 pro
1093 2709 1226 2792 Λυκίνῳ
1248 2731 1325 2776 usus
1346 2717 1428 2780 esset

275 2815 461 2900 pronomine
483 2813 579 2898 αὐτῷ.

316 2925 335 3006 g
358 2925 409 2988 64.
437 2921 639 3004 ,Adversarii
669 2923 733 2989 mei
757 2929 894 3010 urguent
914 2924 974 2990 hoo
996 2923 1080 3011 quod
1098 2923 1243 2992 Herodes
1264 2949 1423 3015 nusquam

276 3031 468 3117 eomparuIt3
492 3035 523 3096 et
545 3051 601 3095 vos
624 3051 749 3118 quoque
767 3031 897 3098 fortasse
912 3030 1036 3117 judices
1057 3032 1097 3098 de
1117 3053 1155 3098 eo
1176 3034 1296 3120 aliquid
1313 3034 1427 3101 audine

274 3140 396 3226 cupitis.
421 3141 448 3202 εί
471 3141 529 3222 μὲν
553 3132 722 3204 οὖντοῦτο
746 3137 880 3214 εἰκάζειν
902 3164 939 3222 με
962 3138 1011 3204 δεῖ
1031 3138 1065 3218 ἐξ
1088 3140 1157 3206 ’ίσου
1180 3144 1271 3208 τοῦτό
1291 3142 1424 3205 ἐστικαὶ

273 3247 347 3328 ὑμῖν
384 3252 438 3312 καὶ
472 3249 569 3331 ἐμοί.”
604 3249 689 3325 Quid
722 3250 782 3316 hoo
816 3250 889 3316 est?
912 3249 947 3316 Si
967 3271 1015 3316 me
1037 3250 1078 3316 de
1098 3272 1137 3318 ea
1158 3272 1192 3317 re
1213 3252 1424 3338 conjecturam

274 3356 376 3423 faeere
400 3364 540 3445 oportet,
564 3379 636 3424 mea
658 3380 753 3425 cause
775 3360 884 3426 eulem
901 3365 954 3426 est
976 3382 1057 3448 quoe
1077 3363 1211 3428 vesona?
1230 3360 1426 3437 Quantooius
1518 3403 1519 3428 t

232 3525 234 3529 ,
273 3466 397 3552 expelle
438 3492 500 3550 με,·
533 3489 610 3534 mox
641 3468 727 3535 enim
759 3471 947 3557 opponitur:
983 3473 1009 3535 εἰ
1043 3469 1077 3535 δὲ
1105 3467 1160 3536 Ιδεῖ
1189 3475 1255 3544 τοῖς
1287 3465 1424 3552 diutina

273 3579 418 3659 χρῆσθαι.

315 3683 333 3766 ξ
357 3685 398 3748 65
434 3686 582 3750 τοσοῦτον
617 3685 653 3750 τὸ
685 3687 884 3771 μακρότατον
917 3693 971 3766 τῆς
1000 3685 1194 3772 ,ἀποκρίσεώς
1217 3685 1313 3752 ἔστιν.
1339 3685 1426 3754 Mira

267 3789 393 3857 looutio.

314 3899 357 3964 ib.
394 3901 437 3982 τῷ
471 3897 505 3963 δὲ
540 3906 707 3983 ποιήσαντι
731 3900 827 3986 ῥᾳδία
850 3905 934 3970 ἐστίν
957 3904 1179 3986 ήοίπόδειξις,
1202 3907 1256 3970 καί
1277 3907 1319 3988 μὴ
1342 3903 1422 3970 α’,πο-

271 4005 412 4082 δείξαυτι
446 3999 480 4074 εὖ
513 4011 645 4075 εἰκάσαι.
679 4011 830 4078 Reiskius
862 4013 896 4078 in
928 4014 1082 4080 sententio
1110 4013 1280 4080 uerborum
1302 4015 1356 4080 καί
1377 4017 1421 4095 μὴ

272 4118 479 4194 ἀποδείξαντι
513 4114 546 4186 εὖ
579 4125 700 4188 εἰκάσαι
732 4122 903 4208 haerebat,
936 4143 1039 4210 neque
1071 4143 1131 4209 ego
1151 4123 1256 4190 losum
1278 4122 1424 4209 intelligo

272 4234 328 4296 aut
350 4229 519 4296 emendare
540 4231 640 4298 valeo.

314 4339 357 4406 ib.
391 4331 479 4421 οἶμαι
511 4337 541 4402 δ’
564 4343 607 4406 ἂν
641 4345 695 4404 καί
717 4342 803 4423 ὑμῶν
827 4339 973 4425 ἕκαστον,
997 4339 1027 4404 εί
1047 4341 1095 4414 τίς
1118 4365 1149 4404 τι
1171 4339 1273 4424 ἔροιτο
1294 4339 1356 4418 δ,τι
1378 4341 1422 4420 μὴ

270 4450 358 4533 τείχοι
381 4445 471 4522 εἰδώς
495 4457 655 4526 ,τοσοῦτον
676 4453 719 4514 ἂν
743 4453 842 4515 εἰπεῖν
864 4451 913 4514 ὅτι
937 4448 992 4514 οὐκ
1013 4444 1111 4528 οἶδεν,
1136 4452 1163 4514 εί
1185 4447 1221 4513 δι’
1243 4473 1292 4523 τις
1314 4451 1423 4532 περαιέ

270 4555 349 4641 τέρα
381 4581 412 4622 τι
447 4553 566 4622 κελεύοι
602 4555 727 4639 λέγειν,
764 4561 798 4625 ἐν
831 4557 933 4645 πολλῇ
954 4563 997 4626 άν
1019 4545 1150 4646 ίχεσθαι
1176 4558 1280 4644 [ὑμᾶς]
1301 4557 1425 4642 α’πορίᾳ

272 4666 391 4755 [leuel
412 4667 490 4744 Quis
501 4681 564 4735 non
576 4668 670 4737 sentit
680 4668 925 4735 uooabulaame
937 4668 1175 4754 oiroumsoriptu
1187 4665 1423 4734 molesteessei
