<?xml version="1.0" encoding="UTF-8"?>
<!DOCTYPE html PUBLIC "-//W3C//DTD XHTML 1.0 Transitional//EN"
    "http://www.w3.org/TR/xhtml1/DTD/xhtml1-transitional.dtd">
<html xmlns="http://www.w3.org/1999/xhtml" xml:lang="en" lang="en">
 <head>
  <title>
</title>
<meta http-equiv="Content-Type" content="text/html;charset=utf-8" />
  <meta name='ocr-system' content='tesseract 3.04.00' />
  <meta name='ocr-capabilities' content='ocr_page ocr_carea ocr_par ocr_line ocrx_word'/>
</head>
<body>
  <div class='ocr_page' id='page_1' title='image "./studiaantiphont00hartgoog_0028.png"; bbox 0 0 3102 5310; ppageno 0'>
   <div class='ocr_carea' id='block_1_1' title="bbox 739 385 780 456">
    <p class='ocr_par' dir='ltr' id='par_1_1' title="bbox 739 385 780 456">
     <span class='ocr_line' id='line_1_1' title="bbox 739 385 780 456; baseline -0.024 0"><span class='ocrx_word' id='word_1_1' title='bbox 739 385 780 456; x_wconf 76' lang='lat'>23</span> 
     </span>
    </p>
   </div>
   <div class='ocr_carea' id='block_1_2' title="bbox 114 562 1329 1109">
    <p class='ocr_par' dir='ltr' id='par_1_2' title="bbox 114 562 1329 1109">
     <span class='ocr_line' id='line_1_2' title="bbox 171 562 1329 678; baseline -0.005 -26"><span class='ocrx_word' id='word_1_2' title='bbox 171 586 262 652; x_wconf 79' lang='lat' dir='ltr'>Nam</span> <span class='ocrx_word' id='word_1_3' title='bbox 293 562 392 652; x_wconf 79' lang='lat' dir='ltr'>verba</span> <span class='ocrx_word' id='word_1_4' title='bbox 413 580 485 648; x_wconf 83' lang='grc' dir='ltr'>ὥστ’</span> <span class='ocrx_word' id='word_1_5' title='bbox 507 585 543 649; x_wconf 78' lang='grc' dir='ltr'><strong><em>οὐ</em></strong></span> <span class='ocrx_word' id='word_1_6' title='bbox 566 582 616 648; x_wconf 68' lang='grc' dir='ltr'>δεῖ</span> <span class='ocrx_word' id='word_1_7' title='bbox 633 585 712 666; x_wconf 80' lang='grc' dir='ltr'><strong><em>ὑμᾶς</em></strong></span> <span class='ocrx_word' id='word_1_8' title='bbox 734 585 767 648; x_wconf 77' lang='grc' dir='ltr'>ἐκ</span> <span class='ocrx_word' id='word_1_9' title='bbox 789 586 853 649; x_wconf 80' lang='grc' dir='ltr'>τῶν</span> <span class='ocrx_word' id='word_1_10' title='bbox 878 582 979 665; x_wconf 78' lang='grc' dir='ltr'><strong><em>λόγων</em></strong></span> <span class='ocrx_word' id='word_1_11' title='bbox 1002 586 1067 678; x_wconf 77' lang='grc' dir='ltr'>τοῦΙ</span> <span class='ocrx_word' id='word_1_12' title='bbox 1080 585 1329 666; x_wconf 74' lang='grc' dir='ltr'><strong><em>κατηγοροῦντος</em></strong></span> 
     </span>
     <span class='ocr_line' id='line_1_3' title="bbox 175 689 1328 780; baseline 0 -22"><span class='ocrx_word' id='word_1_13' title='bbox 175 696 252 769; x_wconf 81' lang='grc' dir='ltr'><strong><em>τους</em></strong></span> <span class='ocrx_word' id='word_1_14' title='bbox 274 697 386 777; x_wconf 83' lang='grc' dir='ltr'><strong><em>υόμους</em></strong></span> <span class='ocrx_word' id='word_1_15' title='bbox 409 699 527 776; x_wconf 71' lang='grc' dir='ltr'><strong><em>μαθεῖν</em></strong></span> <span class='ocrx_word' id='word_1_16' title='bbox 551 697 579 757; x_wconf 81' lang='grc' dir='ltr'>εἰ</span> <span class='ocrx_word' id='word_1_17' title='bbox 600 691 704 769; x_wconf 83' lang='grc' dir='ltr'><strong><em>καλῶς</em></strong></span> <span class='ocrx_word' id='word_1_18' title='bbox 726 693 851 780; x_wconf 74' lang='grc' dir='ltr'><strong><em>ἔχουσιν</em></strong></span> <span class='ocrx_word' id='word_1_19' title='bbox 874 697 892 776; x_wconf 76' lang='grc' dir='ltr'><em>ἢ</em></span> <span class='ocrx_word' id='word_1_20' title='bbox 914 699 977 776; x_wconf 81' lang='grc' dir='ltr'>μή,</span> <span class='ocrx_word' id='word_1_21' title='bbox 1002 689 1074 756; x_wconf 74' lang='grc' dir='ltr'>ἀλλ’</span> <span class='ocrx_word' id='word_1_22' title='bbox 1095 695 1129 756; x_wconf 78' lang='grc' dir='ltr'>ἐκ</span> <span class='ocrx_word' id='word_1_23' title='bbox 1148 695 1211 758; x_wconf 75' lang='grc' dir='ltr'>τῶν</span> <span class='ocrx_word' id='word_1_24' title='bbox 1225 697 1328 776; x_wconf 83' lang='grc' dir='ltr'><strong><em>υόμωυ</em></strong></span> 
     </span>
     <span class='ocr_line' id='line_1_4' title="bbox 172 798 1327 886; baseline -0.002 -18"><span class='ocrx_word' id='word_1_25' title='bbox 172 804 249 877; x_wconf 73' lang='grc' dir='ltr'><strong><em>τους</em></strong></span> <span class='ocrx_word' id='word_1_26' title='bbox 279 805 399 868; x_wconf 70' lang='grc' dir='ltr'><strong><em>τούτων</em></strong></span> <span class='ocrx_word' id='word_1_27' title='bbox 432 801 542 882; x_wconf 83' lang='grc' dir='ltr'><strong><em>λόγους</em></strong></span> <span class='ocrx_word' id='word_1_28' title='bbox 571 805 599 867; x_wconf 78' lang='grc' dir='ltr'>εἰ</span> <span class='ocrx_word' id='word_1_29' title='bbox 626 801 730 886; x_wconf 76' lang='grc' dir='ltr'><strong><em>ὀρθῶς</em></strong></span> <span class='ocrx_word' id='word_1_30' title='bbox 751 802 829 884; x_wconf 78' lang='grc' dir='ltr'><strong><em>ὑμᾶς</em></strong></span> <span class='ocrx_word' id='word_1_31' title='bbox 852 805 909 866; x_wconf 81' lang='grc' dir='ltr'>καί</span> <span class='ocrx_word' id='word_1_32' title='bbox 930 802 1064 884; x_wconf 83' lang='grc' dir='ltr'><strong><em>υομίμως</em></strong></span> <span class='ocrx_word' id='word_1_33' title='bbox 1085 798 1327 876; x_wconf 75' lang='grc' dir='ltr'><strong><em>διδάσκουσιυῆ</em></strong></span> 
     </span>
     <span class='ocr_line' id='line_1_5' title="bbox 173 911 1326 1000; baseline 0 -25"><span class='ocrx_word' id='word_1_34' title='bbox 173 913 214 975; x_wconf 82' lang='grc' dir='ltr'><strong><em>οὔ</em></strong></span> <span class='ocrx_word' id='word_1_35' title='bbox 235 913 354 1000; x_wconf 88' lang='lat' dir='ltr'>optimc</span> <span class='ocrx_word' id='word_1_36' title='bbox 375 913 505 1000; x_wconf 87' lang='lat' dir='ltr'>quidem</span> <span class='ocrx_word' id='word_1_37' title='bbox 528 912 569 977; x_wconf 90' lang='lat' dir='ltr'>de</span> <span class='ocrx_word' id='word_1_38' title='bbox 589 913 719 999; x_wconf 79' lang='lat' dir='ltr'>quintae</span> <span class='ocrx_word' id='word_1_39' title='bbox 737 911 886 977; x_wconf 88' lang='lat' dir='ltr'>orationis</span> <span class='ocrx_word' id='word_1_40' title='bbox 896 913 1127 978; x_wconf 85' lang='lat' dir='ltr'>accusatoribus</span> <span class='ocrx_word' id='word_1_41' title='bbox 1139 913 1223 977; x_wconf 91' lang='lat' dir='ltr'>dicta</span> <span class='ocrx_word' id='word_1_42' title='bbox 1234 916 1326 976; x_wconf 90' lang='lat' dir='ltr'>sunt:</span> 
     </span>
     <span class='ocr_line' id='line_1_6' title="bbox 114 1011 1328 1109; baseline 0.001 -23"><span class='ocrx_word' id='word_1_43' title='bbox 114 1011 117 1018; x_wconf 64' lang='grc'>’</span> <span class='ocrx_word' id='word_1_44' title='bbox 170 1020 200 1086; x_wconf 89' lang='lat' dir='ltr'>ii</span> <span class='ocrx_word' id='word_1_45' title='bbox 235 1021 321 1086; x_wconf 90' lang='lat' dir='ltr'>enim</span> <span class='ocrx_word' id='word_1_46' title='bbox 352 1043 442 1087; x_wconf 90' lang='lat' dir='ltr'>rcum</span> <span class='ocrx_word' id='word_1_47' title='bbox 472 1021 660 1104; x_wconf 80' lang='grc' dir='ltr'><strong><em>κακουργίας</em></strong></span> <span class='ocrx_word' id='word_1_48' title='bbox 681 1020 798 1105; x_wconf 88' lang='lat' dir='ltr'>citant,</span> <span class='ocrx_word' id='word_1_49' title='bbox 821 1020 876 1085; x_wconf 87' lang='lat' dir='ltr'>sed</span> <span class='ocrx_word' id='word_1_50' title='bbox 898 1023 998 1102; x_wconf 77' lang='grc' dir='ltr'><strong><em>φόνου</em></strong></span> <span class='ocrx_word' id='word_1_51' title='bbox 1019 1041 1135 1108; x_wconf 85' lang='lat' dir='ltr'>poenas</span> <span class='ocrx_word' id='word_1_52' title='bbox 1157 1027 1328 1109; x_wconf 82' lang='lat' dir='ltr'>expetunt,</span> 
     </span>
    </p>
   </div>
   <div class='ocr_carea' id='block_1_3' title="bbox 169 1127 1331 3933">
    <p class='ocr_par' dir='ltr' id='par_1_3' title="bbox 169 1127 1328 1870">
     <span class='ocr_line' id='line_1_7' title="bbox 171 1127 1327 1219; baseline -0.001 -23"><span class='ocrx_word' id='word_1_53' title='bbox 171 1151 251 1216; x_wconf 84' lang='lat' dir='ltr'>ergo</span> <span class='ocrx_word' id='word_1_54' title='bbox 284 1129 390 1216; x_wconf 83' lang='lat' dir='ltr'>leges,</span> <span class='ocrx_word' id='word_1_55' title='bbox 416 1151 497 1217; x_wconf 90' lang='lat' dir='ltr'>quae</span> <span class='ocrx_word' id='word_1_56' title='bbox 521 1134 594 1194; x_wconf 90' lang='lat' dir='ltr'>sunt</span> <span class='ocrx_word' id='word_1_57' title='bbox 616 1129 660 1207; x_wconf 44' lang='lat' dir='ltr'>de,</span> <span class='ocrx_word' id='word_1_58' title='bbox 678 1127 852 1212; x_wconf 77' lang='grc' dir='ltr'><strong><em>κακουργία</em></strong></span> <span class='ocrx_word' id='word_1_59' title='bbox 874 1134 906 1194; x_wconf 89' lang='lat' dir='ltr'>et</span> <span class='ocrx_word' id='word_1_60' title='bbox 928 1128 967 1194; x_wconf 90' lang='lat' dir='ltr'>dc</span> <span class='ocrx_word' id='word_1_61' title='bbox 989 1133 1077 1213; x_wconf 84' lang='grc' dir='ltr'>φόκῳ</span> <span class='ocrx_word' id='word_1_62' title='bbox 1098 1130 1181 1196; x_wconf 89' lang='lat' dir='ltr'>iuter</span> <span class='ocrx_word' id='word_1_63' title='bbox 1203 1152 1236 1196; x_wconf 87' lang='lat' dir='ltr'>se</span> <span class='ocrx_word' id='word_1_64' title='bbox 1257 1152 1327 1219; x_wconf 90' lang='lat' dir='ltr'>per·</span> 
     </span>
     <span class='ocr_line' id='line_1_8' title="bbox 170 1223 1326 1325; baseline 0 -21"><span class='ocrx_word' id='word_1_65' title='bbox 170 1238 311 1304; x_wconf 89' lang='lat' dir='ltr'>miscent</span> <span class='ocrx_word' id='word_1_66' title='bbox 331 1243 363 1303; x_wconf 88' lang='lat' dir='ltr'>et</span> <span class='ocrx_word' id='word_1_67' title='bbox 384 1259 500 1324; x_wconf 88' lang='lat' dir='ltr'>susque</span> <span class='ocrx_word' id='word_1_68' title='bbox 522 1238 624 1325; x_wconf 88' lang='lat' dir='ltr'>deque</span> <span class='ocrx_word' id='word_1_69' title='bbox 644 1237 780 1320; x_wconf 83' lang='lat' dir='ltr'>habent,</span> <span class='ocrx_word' id='word_1_70' title='bbox 803 1237 857 1303; x_wconf 89' lang='lat' dir='ltr'>sed</span> <span class='ocrx_word' id='word_1_71' title='bbox 879 1237 913 1302; x_wconf 90' lang='lat' dir='ltr'>in</span> <span class='ocrx_word' id='word_1_72' title='bbox 935 1223 1048 1304; x_wconf 81' lang='lat' dir='ltr'>sextae</span> <span class='ocrx_word' id='word_1_73' title='bbox 1065 1239 1215 1304; x_wconf 87' lang='lat' dir='ltr'>orationis</span> <span class='ocrx_word' id='word_1_74' title='bbox 1236 1261 1326 1304; x_wconf 90' lang='lat' dir='ltr'>accu-</span> 
     </span>
     <span class='ocr_line' id='line_1_9' title="bbox 172 1345 1328 1433; baseline 0 -22"><span class='ocrx_word' id='word_1_75' title='bbox 172 1351 316 1430; x_wconf 80' lang='lat' dir='ltr'>satores,</span> <span class='ocrx_word' id='word_1_76' title='bbox 348 1347 404 1433; x_wconf 91' lang='lat' dir='ltr'>qui</span> <span class='ocrx_word' id='word_1_77' title='bbox 435 1346 516 1411; x_wconf 90' lang='lat' dir='ltr'><strong>nihil</strong></span> <span class='ocrx_word' id='word_1_78' title='bbox 545 1346 609 1412; x_wconf 87' lang='lat' dir='ltr'>tale</span> <span class='ocrx_word' id='word_1_79' title='bbox 640 1345 886 1430; x_wconf 86' lang='lat' dir='ltr'>commiserunt,</span> <span class='ocrx_word' id='word_1_80' title='bbox 920 1366 957 1411; x_wconf 87' lang='lat' dir='ltr'>ea</span> <span class='ocrx_word' id='word_1_81' title='bbox 988 1346 1085 1412; x_wconf 84' lang='lat' dir='ltr'>verba</span> <span class='ocrx_word' id='word_1_82' title='bbox 1116 1367 1244 1433; x_wconf 87' lang='lat' dir='ltr'>prorsus</span> <span class='ocrx_word' id='word_1_83' title='bbox 1265 1369 1328 1413; x_wconf 91' lang='lat' dir='ltr'>non</span> 
     </span>
     <span class='ocr_line' id='line_1_10' title="bbox 172 1453 1327 1542; baseline 0 -21"><span class='ocrx_word' id='word_1_84' title='bbox 172 1455 378 1521; x_wconf 85' lang='lat' dir='ltr'>conveniunt.</span> <span class='ocrx_word' id='word_1_85' title='bbox 414 1454 504 1530; x_wconf 83' lang='lat' dir='ltr'>Quae</span> <span class='ocrx_word' id='word_1_86' title='bbox 536 1455 571 1518; x_wconf 92' lang='lat' dir='ltr'>in</span> <span class='ocrx_word' id='word_1_87' title='bbox 604 1453 745 1520; x_wconf 87' lang='lat' dir='ltr'>oratione</span> <span class='ocrx_word' id='word_1_88' title='bbox 778 1460 868 1520; x_wconf 87' lang='lat' dir='ltr'>sexta</span> <span class='ocrx_word' id='word_1_89' title='bbox 900 1454 1033 1520; x_wconf 88' lang='lat' dir='ltr'>dicenda</span> <span class='ocrx_word' id='word_1_90' title='bbox 1065 1461 1156 1520; x_wconf 88' lang='lat' dir='ltr'>erant</span> <span class='ocrx_word' id='word_1_91' title='bbox 1175 1456 1216 1521; x_wconf 91' lang='lat' dir='ltr'>de</span> <span class='ocrx_word' id='word_1_92' title='bbox 1237 1455 1327 1542; x_wconf 85' lang='lat' dir='ltr'>lege,</span> 
     </span>
     <span class='ocr_line' id='line_1_11' title="bbox 173 1562 1328 1650; baseline -0.002 -20"><span class='ocrx_word' id='word_1_93' title='bbox 173 1585 242 1650; x_wconf 87' lang='lat' dir='ltr'>qua</span> <span class='ocrx_word' id='word_1_94' title='bbox 269 1563 428 1648; x_wconf 85' lang='lat' dir='ltr'>judicium</span> <span class='ocrx_word' id='word_1_95' title='bbox 460 1567 561 1644; x_wconf 80' lang='grc' dir='ltr'><strong><em>φόυου</em></strong></span> <span class='ocrx_word' id='word_1_96' title='bbox 587 1567 635 1627; x_wconf 90' lang='lat' dir='ltr'>est</span> <span class='ocrx_word' id='word_1_97' title='bbox 655 1563 887 1648; x_wconf 87' lang='lat' dir='ltr'>exercendum,</span> <span class='ocrx_word' id='word_1_98' title='bbox 910 1585 948 1628; x_wconf 91' lang='lat' dir='ltr'>ea</span> <span class='ocrx_word' id='word_1_99' title='bbox 967 1562 1144 1630; x_wconf 82' lang='lat' dir='ltr'>luculenter</span> <span class='ocrx_word' id='word_1_100' title='bbox 1164 1565 1196 1648; x_wconf 76' lang='lat'>§⁰</span> <span class='ocrx_word' id='word_1_101' title='bbox 1218 1568 1254 1630; x_wconf 84' lang='lat' dir='ltr'>3a</span> <span class='ocrx_word' id='word_1_102' title='bbox 1273 1585 1328 1630; x_wconf 86' lang='lat' dir='ltr'>ex·</span> 
     </span>
     <span class='ocr_line' id='line_1_12' title="bbox 169 1671 1328 1760; baseline 0.001 -22"><span class='ocrx_word' id='word_1_103' title='bbox 169 1677 353 1760; x_wconf 84' lang='lat' dir='ltr'>ponuntur,</span> <span class='ocrx_word' id='word_1_104' title='bbox 385 1694 504 1759; x_wconf 72' lang='lat' dir='ltr'>eaque,</span> <span class='ocrx_word' id='word_1_105' title='bbox 538 1671 654 1736; x_wconf 86' lang='lat' dir='ltr'>omissa</span> <span class='ocrx_word' id='word_1_106' title='bbox 681 1671 878 1758; x_wconf 83' lang='lat' dir='ltr'>paragrapho</span> <span class='ocrx_word' id='word_1_107' title='bbox 911 1671 1068 1756; x_wconf 87' lang='lat' dir='ltr'>secunda,</span> <span class='ocrx_word' id='word_1_108' title='bbox 1102 1673 1219 1759; x_wconf 86' lang='lat' dir='ltr'>optime</span> <span class='ocrx_word' id='word_1_109' title='bbox 1238 1694 1328 1760; x_wconf 85' lang='lat' dir='ltr'>para·</span> 
     </span>
     <span class='ocr_line' id='line_1_13' title="bbox 170 1781 1019 1870; baseline -0.009 -22"><span class='ocrx_word' id='word_1_110' title='bbox 170 1782 295 1870; x_wconf 84' lang='lat' dir='ltr'>grapho</span> <span class='ocrx_word' id='word_1_111' title='bbox 316 1781 438 1868; x_wconf 88' lang='lat' dir='ltr'>primae</span> <span class='ocrx_word' id='word_1_112' title='bbox 460 1785 679 1845; x_wconf 85' lang='lat' dir='ltr'>annectuntur.</span> <span class='ocrx_word' id='word_1_113' title='bbox 1017 1855 1019 1868; x_wconf 33' lang='grc' dir='ltr'>Ι</span> 
     </span>
    </p>

    <p class='ocr_par' dir='ltr' id='par_1_4' title="bbox 170 1888 1331 3280">
     <span class='ocr_line' id='line_1_14' title="bbox 220 1888 1331 1976; baseline 0.001 -21"><span class='ocrx_word' id='word_1_114' title='bbox 220 1891 359 1956; x_wconf 83' lang='lat' dir='ltr'>Transeo</span> <span class='ocrx_word' id='word_1_115' title='bbox 393 1890 433 1955; x_wconf 89' lang='lat' dir='ltr'>ad</span> <span class='ocrx_word' id='word_1_116' title='bbox 466 1890 602 1954; x_wconf 88' lang='lat' dir='ltr'>alterum</span> <span class='ocrx_word' id='word_1_117' title='bbox 634 1888 740 1953; x_wconf 91' lang='lat' dir='ltr'>locum</span> <span class='ocrx_word' id='word_1_118' title='bbox 764 1909 986 1974; x_wconf 87' lang='lat' dir='ltr'>communem,</span> <span class='ocrx_word' id='word_1_119' title='bbox 1009 1910 1104 1976; x_wconf 90' lang='lat' dir='ltr'>quem</span> <span class='ocrx_word' id='word_1_120' title='bbox 1127 1909 1169 1955; x_wconf 87' lang='lat' dir='ltr'>ex</span> <span class='ocrx_word' id='word_1_121' title='bbox 1191 1891 1331 1956; x_wconf 81' lang='lat' dir='ltr'>cratinae</span> 
     </span>
     <span class='ocr_line' id='line_1_15' title="bbox 173 1996 1330 2088; baseline -0.003 -23"><span class='ocrx_word' id='word_1_122' title='bbox 173 2001 289 2088; x_wconf 89' lang='lat' dir='ltr'>quinta</span> <span class='ocrx_word' id='word_1_123' title='bbox 309 1999 484 2065; x_wconf 88' lang='lat' dir='ltr'>tollendum</span> <span class='ocrx_word' id='word_1_124' title='bbox 507 2017 638 2080; x_wconf 86' lang='lat' dir='ltr'>censeo,</span> <span class='ocrx_word' id='word_1_125' title='bbox 662 1997 781 2083; x_wconf 85' lang='lat' dir='ltr'>quippe</span> <span class='ocrx_word' id='word_1_126' title='bbox 802 1997 858 2082; x_wconf 93' lang='lat' dir='ltr'>qui</span> <span class='ocrx_word' id='word_1_127' title='bbox 880 1996 998 2082; x_wconf 86' lang='lat' dir='ltr'>injuria</span> <span class='ocrx_word' id='word_1_128' title='bbox 1016 2018 1058 2062; x_wconf 84' lang='lat' dir='ltr'>ex</span> <span class='ocrx_word' id='word_1_129' title='bbox 1081 1998 1220 2063; x_wconf 87' lang='lat' dir='ltr'>oratione</span> <span class='ocrx_word' id='word_1_130' title='bbox 1240 2003 1330 2064; x_wconf 84' lang='lat' dir='ltr'>sexta</span> 
     </span>
     <span class='ocr_line' id='line_1_16' title="bbox 172 2103 1326 2192; baseline -0.006 -17"><span class='ocrx_word' id='word_1_131' title='bbox 172 2111 319 2175; x_wconf 83' lang='lat' dir='ltr'>invectus</span> <span class='ocrx_word' id='word_1_132' title='bbox 352 2107 401 2172; x_wconf 90' lang='lat' dir='ltr'>sit.</span> <span class='ocrx_word' id='word_1_133' title='bbox 432 2105 597 2192; x_wconf 74' lang='lat' dir='ltr'>Eiicienda</span> <span class='ocrx_word' id='word_1_134' title='bbox 629 2105 714 2170; x_wconf 88' lang='lat' dir='ltr'>enim</span> <span class='ocrx_word' id='word_1_135' title='bbox 736 2103 871 2170; x_wconf 90' lang='lat' dir='ltr'>arbitror</span> <span class='ocrx_word' id='word_1_136' title='bbox 891 2105 923 2170; x_wconf 90' lang='lat' dir='ltr'><strong>V</strong></span> <span class='ocrx_word' id='word_1_137' title='bbox 946 2106 1028 2189; x_wconf 35' lang='lat'>§¹87</span> <span class='ocrx_word' id='word_1_138' title='bbox 1053 2107 1152 2187; x_wconf 78' lang='grc' dir='ltr'><strong><em>φόνου</em></strong></span> <span class='ocrx_word' id='word_1_139' title='bbox 1174 2108 1233 2190; x_wconf 83' lang='grc' dir='ltr'>γὰρ</span> <span class='ocrx_word' id='word_1_140' title='bbox 1255 2104 1326 2187; x_wconf 77' lang='grc' dir='ltr'><strong><em>δίκη</em></strong></span> 
     </span>
     <span class='ocr_line' id='line_1_17' title="bbox 174 2209 1329 2304; baseline -0.003 -20"><span class='ocrx_word' id='word_1_141' title='bbox 174 2239 276 2304; x_wconf 87' lang='lat' dir='ltr'>usque</span> <span class='ocrx_word' id='word_1_142' title='bbox 310 2216 350 2280; x_wconf 86' lang='lat' dir='ltr'>ad</span> <span class='ocrx_word' id='word_1_143' title='bbox 383 2218 402 2301; x_wconf 67' lang='grc' dir='ltr'>ξ</span> <span class='ocrx_word' id='word_1_144' title='bbox 432 2217 473 2280; x_wconf 87' lang='grc'>89</span> <span class='ocrx_word' id='word_1_145' title='bbox 501 2217 559 2295; x_wconf 76' lang='grc' dir='ltr'>τὴν</span> <span class='ocrx_word' id='word_1_146' title='bbox 582 2213 739 2296; x_wconf 73' lang='grc' dir='ltr'><strong><em>ἀμαρτίαυ</em></strong></span> <span class='ocrx_word' id='word_1_147' title='bbox 762 2209 968 2278; x_wconf 73' lang='grc' dir='ltr'><strong><em>ἀπολύσαιτο.</em></strong></span> <span class='ocrx_word' id='word_1_148' title='bbox 996 2213 1124 2301; x_wconf 88' lang='lat' dir='ltr'>Optime</span> <span class='ocrx_word' id='word_1_149' title='bbox 1145 2215 1224 2300; x_wconf 80' lang='lat' dir='ltr'>haec</span> <span class='ocrx_word' id='word_1_150' title='bbox 1244 2215 1329 2280; x_wconf 88' lang='lat' dir='ltr'>dicta</span> 
     </span>
     <span class='ocr_line' id='line_1_18' title="bbox 176 2321 1328 2410; baseline -0.003 -18"><span class='ocrx_word' id='word_1_151' title='bbox 176 2325 306 2392; x_wconf 89' lang='lat' dir='ltr'>suntin</span> <span class='ocrx_word' id='word_1_152' title='bbox 327 2329 418 2390; x_wconf 84' lang='lat' dir='ltr'>sexta</span> <span class='ocrx_word' id='word_1_153' title='bbox 441 2323 600 2406; x_wconf 86' lang='lat' dir='ltr'>oratione,</span> <span class='ocrx_word' id='word_1_154' title='bbox 623 2343 698 2387; x_wconf 87' lang='lat' dir='ltr'>nam</span> <span class='ocrx_word' id='word_1_155' title='bbox 724 2321 779 2408; x_wconf 91' lang='lat' dir='ltr'>qui</span> <span class='ocrx_word' id='word_1_156' title='bbox 800 2342 871 2386; x_wconf 91' lang='lat' dir='ltr'>eam</span> <span class='ocrx_word' id='word_1_157' title='bbox 893 2321 989 2387; x_wconf 87' lang='lat' dir='ltr'>habet</span> <span class='ocrx_word' id='word_1_158' title='bbox 1014 2323 1328 2410; x_wconf 78' lang='lat' dir='ltr'>pdrovreusagitur3</span> 
     </span>
     <span class='ocr_line' id='line_1_19' title="bbox 170 2429 1329 2522; baseline -0.003 -22"><span class='ocrx_word' id='word_1_159' title='bbox 170 2436 245 2522; x_wconf 86' lang='lat' dir='ltr'>jure</span> <span class='ocrx_word' id='word_1_160' title='bbox 267 2455 341 2519; x_wconf 84' lang='lat' dir='ltr'>ergo</span> <span class='ocrx_word' id='word_1_161' title='bbox 362 2432 483 2515; x_wconf 79' lang='lat' dir='ltr'>iudices</span> <span class='ocrx_word' id='word_1_162' title='bbox 504 2431 653 2496; x_wconf 86' lang='lat' dir='ltr'>admonet</span> <span class='ocrx_word' id='word_1_163' title='bbox 673 2430 713 2494; x_wconf 90' lang='lat' dir='ltr'>de</span> <span class='ocrx_word' id='word_1_164' title='bbox 734 2429 767 2506; x_wconf 66' lang='lat' dir='ltr'>ri</span> <span class='ocrx_word' id='word_1_165' title='bbox 788 2429 1057 2496; x_wconf 78' lang='lat' dir='ltr'>condemnationis</span> <span class='ocrx_word' id='word_1_166' title='bbox 1079 2431 1113 2495; x_wconf 93' lang='lat' dir='ltr'>iu</span> <span class='ocrx_word' id='word_1_167' title='bbox 1125 2430 1329 2517; x_wconf 84' lang='lat' dir='ltr'>talijudicio,</span> 
     </span>
     <span class='ocr_line' id='line_1_20' title="bbox 175 2537 1326 2631; baseline -0.003 -23"><span class='ocrx_word' id='word_1_168' title='bbox 175 2544 209 2608; x_wconf 95' lang='lat' dir='ltr'>in</span> <span class='ocrx_word' id='word_1_169' title='bbox 243 2563 305 2631; x_wconf 92' lang='lat' dir='ltr'>quo</span> <span class='ocrx_word' id='word_1_170' title='bbox 327 2542 384 2628; x_wconf 93' lang='lat' dir='ltr'>qui</span> <span class='ocrx_word' id='word_1_171' title='bbox 408 2540 505 2606; x_wconf 85' lang='lat' dir='ltr'>semel</span> <span class='ocrx_word' id='word_1_172' title='bbox 526 2539 567 2603; x_wconf 92' lang='lat' dir='ltr'>sit</span> <span class='ocrx_word' id='word_1_173' title='bbox 587 2537 755 2603; x_wconf 88' lang='lat' dir='ltr'>damnatus</span> <span class='ocrx_word' id='word_1_174' title='bbox 776 2537 863 2602; x_wconf 93' lang='lat' dir='ltr'>nullo</span> <span class='ocrx_word' id='word_1_175' title='bbox 886 2539 980 2604; x_wconf 91' lang='lat' dir='ltr'>modo</span> <span class='ocrx_word' id='word_1_176' title='bbox 1002 2539 1042 2604; x_wconf 91' lang='lat' dir='ltr'>ad</span> <span class='ocrx_word' id='word_1_177' title='bbox 1064 2539 1151 2605; x_wconf 86' lang='lat' dir='ltr'>aliud</span> <span class='ocrx_word' id='word_1_178' title='bbox 1168 2539 1326 2625; x_wconf 88' lang='lat' dir='ltr'>judicium</span> 
     </span>
     <span class='ocr_line' id='line_1_21' title="bbox 174 2645 1324 2739; baseline -0.003 -23"><span class='ocrx_word' id='word_1_179' title='bbox 174 2671 344 2739; x_wconf 89' lang='lat' dir='ltr'>provocare</span> <span class='ocrx_word' id='word_1_180' title='bbox 375 2648 481 2736; x_wconf 89' lang='lat' dir='ltr'>possit.</span> <span class='ocrx_word' id='word_1_181' title='bbox 507 2647 568 2713; x_wconf 79' lang='lat' dir='ltr'>Sed</span> <span class='ocrx_word' id='word_1_182' title='bbox 588 2648 683 2732; x_wconf 86' lang='lat' dir='ltr'>longe</span> <span class='ocrx_word' id='word_1_183' title='bbox 705 2645 798 2711; x_wconf 86' lang='lat' dir='ltr'>ahter</span> <span class='ocrx_word' id='word_1_184' title='bbox 820 2667 869 2711; x_wconf 88' lang='lat' dir='ltr'>res</span> <span class='ocrx_word' id='word_1_185' title='bbox 892 2647 1044 2713; x_wconf 87' lang='lat' dir='ltr'>sehabet</span> <span class='ocrx_word' id='word_1_186' title='bbox 1066 2649 1100 2712; x_wconf 93' lang='lat' dir='ltr'>iu</span> <span class='ocrx_word' id='word_1_187' title='bbox 1122 2649 1233 2734; x_wconf 88' lang='lat' dir='ltr'>quinta</span> <span class='ocrx_word' id='word_1_188' title='bbox 1255 2671 1324 2714; x_wconf 90' lang='lat' dir='ltr'>ora·</span> 
     </span>
     <span class='ocr_line' id='line_1_22' title="bbox 174 2754 1328 2844; baseline -0.002 -19"><span class='ocrx_word' id='word_1_189' title='bbox 174 2761 278 2826; x_wconf 87' lang='lat' dir='ltr'>tione:</span> <span class='ocrx_word' id='word_1_190' title='bbox 308 2779 382 2823; x_wconf 82' lang='lat' dir='ltr'>nom</span> <span class='ocrx_word' id='word_1_191' title='bbox 404 2757 456 2822; x_wconf 91' lang='lat' dir='ltr'>hic</span> <span class='ocrx_word' id='word_1_192' title='bbox 478 2778 551 2822; x_wconf 90' lang='lat' dir='ltr'>reus</span> <span class='ocrx_word' id='word_1_193' title='bbox 574 2755 765 2836; x_wconf 81' lang='grc' dir='ltr'><strong><em>κακουργίας</em></strong></span> <span class='ocrx_word' id='word_1_194' title='bbox 787 2754 921 2841; x_wconf 82' lang='lat' dir='ltr'>citatur3</span> <span class='ocrx_word' id='word_1_195' title='bbox 944 2776 1020 2842; x_wconf 84' lang='lat' dir='ltr'>ergo</span> <span class='ocrx_word' id='word_1_196' title='bbox 1036 2757 1161 2844; x_wconf 89' lang='lat' dir='ltr'>judices</span> <span class='ocrx_word' id='word_1_197' title='bbox 1182 2762 1267 2842; x_wconf 89' lang='lat' dir='ltr'>orat,</span> <span class='ocrx_word' id='word_1_198' title='bbox 1292 2763 1328 2823; x_wconf 94' lang='lat' dir='ltr'>ut</span> 
     </span>
     <span class='ocr_line' id='line_1_23' title="bbox 175 2865 1330 2953; baseline 0.001 -19"><span class='ocrx_word' id='word_1_199' title='bbox 175 2891 208 2935; x_wconf 88' lang='lat' dir='ltr'>se</span> <span class='ocrx_word' id='word_1_200' title='bbox 236 2868 296 2934; x_wconf 91' lang='lat' dir='ltr'>hoc</span> <span class='ocrx_word' id='word_1_201' title='bbox 329 2868 461 2933; x_wconf 89' lang='lat' dir='ltr'>crimine</span> <span class='ocrx_word' id='word_1_202' title='bbox 494 2865 675 2950; x_wconf 83' lang='lat' dir='ltr'>absolvant,</span> <span class='ocrx_word' id='word_1_203' title='bbox 709 2888 771 2953; x_wconf 93' lang='lat' dir='ltr'>quo</span> <span class='ocrx_word' id='word_1_204' title='bbox 802 2866 916 2931; x_wconf 83' lang='lat' dir='ltr'>melius</span> <span class='ocrx_word' id='word_1_205' title='bbox 937 2867 1035 2953; x_wconf 88' lang='lat' dir='ltr'>possit</span> <span class='ocrx_word' id='word_1_206' title='bbox 1057 2870 1155 2948; x_wconf 87' lang='grc' dir='ltr'><strong><em>φόυοο</em></strong></span> <span class='ocrx_word' id='word_1_207' title='bbox 1171 2869 1330 2952; x_wconf 89' lang='lat' dir='ltr'>judicium</span> 
     </span>
     <span class='ocr_line' id='line_1_24' title="bbox 173 2975 1327 3061; baseline 0.002 -19"><span class='ocrx_word' id='word_1_208' title='bbox 173 2977 297 3061; x_wconf 82' lang='lat' dir='ltr'>subire3</span> <span class='ocrx_word' id='word_1_209' title='bbox 332 2975 504 3040; x_wconf 87' lang='lat' dir='ltr'>absurdum</span> <span class='ocrx_word' id='word_1_210' title='bbox 528 2980 635 3040; x_wconf 88' lang='lat' dir='ltr'>autem</span> <span class='ocrx_word' id='word_1_211' title='bbox 658 2980 739 3040; x_wconf 90' lang='lat' dir='ltr'>esset</span> <span class='ocrx_word' id='word_1_212' title='bbox 754 2977 823 3061; x_wconf 83' lang='lat' dir='ltr'>jam</span> <span class='ocrx_word' id='word_1_213' title='bbox 848 2997 932 3040; x_wconf 90' lang='lat' dir='ltr'>nunc</span> <span class='ocrx_word' id='word_1_214' title='bbox 948 2976 1073 3061; x_wconf 88' lang='lat' dir='ltr'>judices</span> <span class='ocrx_word' id='word_1_215' title='bbox 1098 2976 1267 3042; x_wconf 86' lang='lat' dir='ltr'>admonere</span> <span class='ocrx_word' id='word_1_216' title='bbox 1288 2978 1327 3045; x_wconf 91' lang='lat' dir='ltr'>de</span> 
     </span>
     <span class='ocr_line' id='line_1_25' title="bbox 175 3083 1325 3171; baseline 0.002 -20"><span class='ocrx_word' id='word_1_217' title='bbox 175 3087 208 3152; x_wconf 87' lang='lat' dir='ltr'>vi</span> <span class='ocrx_word' id='word_1_218' title='bbox 242 3083 511 3162; x_wconf 82' lang='lat' dir='ltr'>condemnationis</span> <span class='ocrx_word' id='word_1_219' title='bbox 542 3083 577 3148; x_wconf 91' lang='lat' dir='ltr'>in</span> <span class='ocrx_word' id='word_1_220' title='bbox 605 3087 705 3164; x_wconf 82' lang='grc' dir='ltr'><strong><em>φόοου</em></strong></span> <span class='ocrx_word' id='word_1_221' title='bbox 729 3085 871 3170; x_wconf 82' lang='lat' dir='ltr'>judicic:</span> <span class='ocrx_word' id='word_1_222' title='bbox 899 3088 1001 3171; x_wconf 90' lang='lat' dir='ltr'>potest</span> <span class='ocrx_word' id='word_1_223' title='bbox 1022 3085 1081 3149; x_wconf 92' lang='lat' dir='ltr'>hoc</span> <span class='ocrx_word' id='word_1_224' title='bbox 1103 3091 1325 3170; x_wconf 84' lang='lat' dir='ltr'>argumentum</span> 
     </span>
     <span class='ocr_line' id='line_1_26' title="bbox 175 3192 653 3280; baseline -0.002 -22"><span class='ocrx_word' id='word_1_225' title='bbox 175 3195 210 3259; x_wconf 90' lang='lat' dir='ltr'>in</span> <span class='ocrx_word' id='word_1_226' title='bbox 231 3192 319 3260; x_wconf 90' lang='lat' dir='ltr'>aliud</span> <span class='ocrx_word' id='word_1_227' title='bbox 340 3198 467 3280; x_wconf 88' lang='lat' dir='ltr'>tempus</span> <span class='ocrx_word' id='word_1_228' title='bbox 484 3211 653 3257; x_wconf 83' lang='lat' dir='ltr'>reservare.</span> 
     </span>
    </p>

    <p class='ocr_par' dir='ltr' id='par_1_5' title="bbox 172 3300 1330 3606">
     <span class='ocr_line' id='line_1_27' title="bbox 218 3300 1330 3390; baseline 0.003 -22"><span class='ocrx_word' id='word_1_229' title='bbox 218 3303 292 3368; x_wconf 80' lang='lat' dir='ltr'>dam</span> <span class='ocrx_word' id='word_1_230' title='bbox 326 3301 406 3367; x_wconf 89' lang='lat' dir='ltr'>mihi</span> <span class='ocrx_word' id='word_1_231' title='bbox 440 3322 525 3366; x_wconf 91' lang='lat' dir='ltr'>nunc</span> <span class='ocrx_word' id='word_1_232' title='bbox 555 3300 689 3386; x_wconf 85' lang='lat' dir='ltr'>aliquis,</span> <span class='ocrx_word' id='word_1_233' title='bbox 705 3301 955 3388; x_wconf 89' lang='lat' dir='ltr'>circumscriptis</span> <span class='ocrx_word' id='word_1_234' title='bbox 977 3301 1012 3366; x_wconf 92' lang='lat' dir='ltr'>in</span> <span class='ocrx_word' id='word_1_235' title='bbox 1034 3307 1167 3390; x_wconf 72' lang='lat' dir='ltr'>utraque</span> <span class='ocrx_word' id='word_1_236' title='bbox 1189 3305 1330 3372; x_wconf 87' lang='lat' dir='ltr'>oratione</span> 
     </span>
     <span class='ocr_line' id='line_1_28' title="bbox 174 3409 1326 3498; baseline 0.001 -21"><span class='ocrx_word' id='word_1_237' title='bbox 174 3411 278 3477; x_wconf 86' lang='lat' dir='ltr'>verbis</span> <span class='ocrx_word' id='word_1_238' title='bbox 310 3431 331 3476; x_wconf 88' lang='lat' dir='ltr'>a</span> <span class='ocrx_word' id='word_1_239' title='bbox 362 3431 414 3476; x_wconf 92' lang='lat' dir='ltr'>me</span> <span class='ocrx_word' id='word_1_240' title='bbox 439 3410 616 3493; x_wconf 88' lang='lat' dir='ltr'>damnatis,</span> <span class='ocrx_word' id='word_1_241' title='bbox 639 3413 783 3474; x_wconf 84' lang='lat' dir='ltr'>accurate</span> <span class='ocrx_word' id='word_1_242' title='bbox 805 3409 924 3494; x_wconf 84' lang='lat' dir='ltr'>relegat</span> <span class='ocrx_word' id='word_1_243' title='bbox 947 3431 1018 3496; x_wconf 84' lang='lat' dir='ltr'>quae</span> <span class='ocrx_word' id='word_1_244' title='bbox 1040 3411 1168 3477; x_wconf 91' lang='lat' dir='ltr'>suntin</span> <span class='ocrx_word' id='word_1_245' title='bbox 1189 3413 1326 3498; x_wconf 86' lang='lat' dir='ltr'>vicinia,</span> 
     </span>
     <span class='ocr_line' id='line_1_29' title="bbox 172 3517 1236 3606; baseline 0 -21"><span class='ocrx_word' id='word_1_246' title='bbox 172 3525 205 3586; x_wconf 88' lang='lat' dir='ltr'>et</span> <span class='ocrx_word' id='word_1_247' title='bbox 222 3521 269 3585; x_wconf 90' lang='lat' dir='ltr'>ita</span> <span class='ocrx_word' id='word_1_248' title='bbox 291 3519 442 3605; x_wconf 89' lang='lat' dir='ltr'>dijudicet</span> <span class='ocrx_word' id='word_1_249' title='bbox 464 3524 572 3586; x_wconf 89' lang='lat' dir='ltr'>utrum</span> <span class='ocrx_word' id='word_1_250' title='bbox 596 3519 757 3583; x_wconf 88' lang='lat' dir='ltr'>nocuerim</span> <span class='ocrx_word' id='word_1_251' title='bbox 780 3517 970 3605; x_wconf 84' lang='lat' dir='ltr'>Antiphonti</span> <span class='ocrx_word' id='word_1_252' title='bbox 992 3541 1032 3584; x_wconf 87' lang='lat' dir='ltr'>an</span> <span class='ocrx_word' id='word_1_253' title='bbox 1054 3519 1236 3606; x_wconf 87' lang='lat' dir='ltr'>profuerim.</span> 
     </span>
    </p>

    <p class='ocr_par' dir='ltr' id='par_1_6' title="bbox 172 3626 1326 3933">
     <span class='ocr_line' id='line_1_30' title="bbox 215 3626 1326 3717; baseline 0.003 -24"><span class='ocrx_word' id='word_1_254' title='bbox 215 3628 344 3694; x_wconf 84' lang='lat' dir='ltr'>Addam</span> <span class='ocrx_word' id='word_1_255' title='bbox 367 3627 585 3692; x_wconf 89' lang='lat' dir='ltr'>tantummodo</span> <span class='ocrx_word' id='word_1_256' title='bbox 608 3626 832 3713; x_wconf 87' lang='lat' dir='ltr'>discrepantias</span> <span class='ocrx_word' id='word_1_257' title='bbox 853 3627 1037 3711; x_wconf 87' lang='lat' dir='ltr'>nonnullas,</span> <span class='ocrx_word' id='word_1_258' title='bbox 1060 3628 1136 3714; x_wconf 92' lang='lat' dir='ltr'>quia</span> <span class='ocrx_word' id='word_1_259' title='bbox 1145 3628 1190 3692; x_wconf 90' lang='lat' dir='ltr'>ita</span> <span class='ocrx_word' id='word_1_260' title='bbox 1201 3651 1326 3717; x_wconf 88' lang='lat' dir='ltr'>quoque</span> 
     </span>
     <span class='ocr_line' id='line_1_31' title="bbox 172 3735 1324 3824; baseline 0 -19"><span class='ocrx_word' id='word_1_261' title='bbox 172 3737 265 3805; x_wconf 87' lang='lat' dir='ltr'>credo</span> <span class='ocrx_word' id='word_1_262' title='bbox 289 3737 343 3804; x_wconf 90' lang='lat' dir='ltr'>hic</span> <span class='ocrx_word' id='word_1_263' title='bbox 362 3737 429 3802; x_wconf 91' lang='lat' dir='ltr'>illic</span> <span class='ocrx_word' id='word_1_264' title='bbox 451 3735 641 3824; x_wconf 88' lang='lat' dir='ltr'>deprehendi</span> <span class='ocrx_word' id='word_1_265' title='bbox 661 3757 752 3823; x_wconf 83' lang='lat' dir='ltr'>posse</span> <span class='ocrx_word' id='word_1_266' title='bbox 773 3735 981 3821; x_wconf 86' lang='lat' dir='ltr'>magistrum,</span> <span class='ocrx_word' id='word_1_267' title='bbox 1003 3757 1045 3802; x_wconf 84' lang='lat' dir='ltr'>ex</span> <span class='ocrx_word' id='word_1_268' title='bbox 1068 3737 1220 3803; x_wconf 88' lang='lat' dir='ltr'>memoria</span> <span class='ocrx_word' id='word_1_269' title='bbox 1242 3739 1324 3805; x_wconf 89' lang='lat' dir='ltr'>inse·</span> 
     </span>
     <span class='ocr_line' id='line_1_32' title="bbox 173 3843 922 3933; baseline -0.011 -17"><span class='ocrx_word' id='word_1_270' title='bbox 173 3853 317 3933; x_wconf 84' lang='lat' dir='ltr'>rentem,</span> <span class='ocrx_word' id='word_1_271' title='bbox 341 3845 395 3912; x_wconf 85' lang='lat' dir='ltr'>sed</span> <span class='ocrx_word' id='word_1_272' title='bbox 416 3846 462 3910; x_wconf 90' lang='lat' dir='ltr'>ita</span> <span class='ocrx_word' id='word_1_273' title='bbox 483 3850 519 3910; x_wconf 93' lang='lat' dir='ltr'>ut</span> <span class='ocrx_word' id='word_1_274' title='bbox 540 3843 695 3930; x_wconf 88' lang='lat' dir='ltr'>quaedam</span> <span class='ocrx_word' id='word_1_275' title='bbox 717 3849 922 3910; x_wconf 82' lang='lat' dir='ltr'>evanescant:</span> 
     </span>
    </p>
   </div>
   <div class='ocr_carea' id='block_1_4' title="bbox 171 4061 1322 4691">
    <p class='ocr_par' dir='ltr' id='par_1_7' title="bbox 171 4061 1322 4691">
     <span class='ocr_line' id='line_1_33' title="bbox 553 4061 952 4128; baseline 0 -2"><span class='ocrx_word' id='word_1_276' title='bbox 553 4061 646 4127; x_wconf 90' lang='lat' dir='ltr'>Prior</span> <span class='ocrx_word' id='word_1_277' title='bbox 665 4062 753 4128; x_wconf 87' lang='lat' dir='ltr'>locus</span> <span class='ocrx_word' id='word_1_278' title='bbox 775 4061 952 4128; x_wconf 89' lang='lat' dir='ltr'>communis</span> 
     </span>
     <span class='ocr_line' id='line_1_34' title="bbox 441 4170 1112 4260; baseline -0.001 -24"><span class='ocrx_word' id='word_1_279' title='bbox 441 4171 481 4236; x_wconf 89' lang='lat' dir='ltr'>de</span> <span class='ocrx_word' id='word_1_280' title='bbox 501 4171 609 4256; x_wconf 85' lang='lat' dir='ltr'>legum</span> <span class='ocrx_word' id='word_1_281' title='bbox 631 4171 819 4260; x_wconf 85' lang='lat' dir='ltr'>antiquitate</span> <span class='ocrx_word' id='word_1_282' title='bbox 839 4176 872 4237; x_wconf 89' lang='lat' dir='ltr'>et</span> <span class='ocrx_word' id='word_1_283' title='bbox 893 4170 1058 4236; x_wconf 88' lang='lat' dir='ltr'>sanctitate</span> <span class='ocrx_word' id='word_1_284' title='bbox 1109 4199 1112 4206; x_wconf 53' lang='lat'><strong><em>¹</em></strong></span> 
     </span>
     <span class='ocr_line' id='line_1_35' title="bbox 304 4280 1112 4367; baseline -0.001 -20"><span class='ocrx_word' id='word_1_285' title='bbox 304 4281 507 4367; x_wconf 78' lang='lat' dir='ltr'>or.V§14</span> <span class='ocrx_word' id='word_1_286' title='bbox 910 4280 1112 4364; x_wconf 77' lang='lat' dir='ltr'>or.VI§2</span> 
     </span>
     <span class='ocr_line' id='line_1_36' title="bbox 239 4387 1175 4476; baseline -0.001 -21"><span class='ocrx_word' id='word_1_287' title='bbox 239 4389 309 4475; x_wconf 90' lang='lat' dir='ltr'>(ubi</span> <span class='ocrx_word' id='word_1_288' title='bbox 324 4391 399 4476; x_wconf 88' lang='lat' dir='ltr'>jure</span> <span class='ocrx_word' id='word_1_289' title='bbox 420 4389 549 4476; x_wconf 86' lang='lat' dir='ltr'>legitur)</span> <span class='ocrx_word' id='word_1_290' title='bbox 832 4387 901 4471; x_wconf 89' lang='lat' dir='ltr'>(uhi</span> <span class='ocrx_word' id='word_1_291' title='bbox 922 4388 1005 4454; x_wconf 84' lang='lat' dir='ltr'>mals</span> <span class='ocrx_word' id='word_1_292' title='bbox 1025 4387 1175 4474; x_wconf 87' lang='lat' dir='ltr'>additur).</span> 
     </span>
     <span class='ocr_line' id='line_1_37' title="bbox 171 4494 1322 4583; baseline -0.002 -19"><span class='ocrx_word' id='word_1_293' title='bbox 171 4503 216 4567; x_wconf 75' lang='grc' dir='ltr'>ἂν</span> <span class='ocrx_word' id='word_1_294' title='bbox 240 4502 324 4583; x_wconf 74' lang='grc' dir='ltr'><strong><em>οἶμαι</em></strong></span> <span class='ocrx_word' id='word_1_295' title='bbox 345 4496 532 4582; x_wconf 79' lang='grc' dir='ltr'><strong><em>ὁμολογῆσαι</em></strong></span> <span class='ocrx_word' id='word_1_296' title='bbox 732 4499 848 4570; x_wconf 77' lang='grc' dir='ltr'><strong><em>πάντες</em></strong></span> <span class='ocrx_word' id='word_1_297' title='bbox 858 4498 901 4560; x_wconf 78' lang='grc' dir='ltr'>ἂν</span> <span class='ocrx_word' id='word_1_298' title='bbox 914 4494 1114 4563; x_wconf 75' lang='grc' dir='ltr'><strong><em>ἕπαιυίοειαυ</em></strong></span> <span class='ocrx_word' id='word_1_299' title='bbox 1126 4517 1198 4562; x_wconf 83' lang='lat' dir='ltr'>cum</span> <span class='ocrx_word' id='word_1_300' title='bbox 1208 4497 1277 4581; x_wconf 62' lang='lat' dir='ltr'>inf„</span> <span class='ocrx_word' id='word_1_301' title='bbox 1289 4496 1322 4562; x_wconf 89' lang='lat' dir='ltr'>in</span> 
     </span>
     <span class='ocr_line' id='line_1_38' title="bbox 726 4605 1322 4691; baseline 0 -21"><span class='ocrx_word' id='word_1_302' title='bbox 726 4605 1322 4691; x_wconf 86' lang='lat' dir='ltr'>qucstructuraetReiskiushaerebat.</span> 
     </span>
    </p>
   </div>
   <div class='ocr_carea' id='block_1_5' title="bbox 0 0 1556 5310">
    <p class='ocr_par' dir='ltr' id='par_1_8' title="bbox 0 0 1556 5310">
     <span class='ocr_line' id='line_1_39' title="bbox 0 0 1556 5310; baseline 0 0"><span class='ocrx_word' id='word_1_303' title='bbox 0 0 1556 5310; x_wconf 95' lang='lat' dir='ltr'> </span> 
     </span>
    </p>
   </div>
  </div>
 </body>
</html>
