3102 5310
703 558 745 622 29

128 769 248 839 neque
281 749 392 817 dubito
427 751 504 838 quin
537 749 702 839 Antiphon
730 749 853 818 dederit
878 746 1009 825 Φιλῖνος
1031 755 1085 813 καὶ
1108 751 1141 814 ot
1160 754 1301 837 ἑταῖροι,

131 859 229 946 quod
258 881 323 924 non
343 859 542 947 improbabat
562 858 723 924 Reiskius.
748 859 842 924 Certo
864 857 899 922 in
919 857 1037 923 talibus
1059 858 1159 924 nostri
1181 865 1228 926 est
1251 883 1325 926 ar-.

126 967 230 1034 bitrii
255 972 364 1033 utrum
384 967 489 1053 legere
513 966 672 1032 malimus.

182 1077 277 1161 §38.
312 1073 419 1156 ἐπειδὴ
453 1072 480 1138 δ’
516 1073 624 1150 αὐτοῖς
652 1071 838 1161 όβασιλεύς
861 1077 933 1150 τούς
956 1098 989 1138 τε
1013 1077 1125 1158 νόμους
1148 1074 1298 1157 α’νέγνω,

128 1188 196 1250 καὶ
231 1189 359 1270 χρόνους
394 1183 453 1269 (Se.
487 1184 613 1269 χρόνον)
649 1179 786 1257 ἐπέδειξε
822 1179 980 1267 (ἀπέδειξε
1012 1183 1147 1274 Oripps.)
1181 1187 1213 1252 τί
1243 1186 1299 1252 οὐκ

128 1289 291 1379 ἐγχωροίη
312 1291 577 1376 ἀπογράψασθαι.
602 1289 737 1358 Gravior
756 1289 808 1356 hio
829 1291 1298 1382 lateteorruptela3requiritur

127 1402 206 1468 fera
227 1401 312 1489 quod
335 1399 486 1466 Reiskius
507 1398 652 1466 volebat:
678 1405 857 1484 χρόνον...
884 1398 974 1476 ἐντος
997 1385 1035 1465 οὔ
1056 1401 1112 1466 οόιι
1140 1404 1298 1490 ἐγχωροίη.

184 1509 298 1598 Neque
321 1529 513 1595 quemquam
535 1507 626 1574 oredo
648 1507 825 1594 intelligere
843 1529 934 1596 posse
956 1531 1037 1596 quae
1059 1516 1256 1598 sequuntur:

183 1621 237 1683 καλ
261 1620 318 1692 τὰς
342 1613 463 1698 κλήσεις
487 1613 654 1680 καλεῖσθαι
677 1617 752 1691 ὅσας
770 1614 853 1688 ἔδει,
867 1638 948 1705 quae
959 1617 1057 1684 verba
1066 1621 1298 1708 transponendo

134 1725 177 1793 in
209 1727 371 1813 integrum
404 1725 531 1792 videtur
551 1725 724 1791 restituisse
745 1726 912 1793 Reiskius:
935 1729 989 1791 καὶ
1013 1730 1069 1803 τὰς
1097 1725 1220 1810 κλήσεις
1242 1730 1297 1816 (so.

134 1832 301 1920 ἀπέδειξε)
326 1836 400 1909 ὅσας
422 1831 590 1899 καλεῖσθαι
612 1830 686 1900 ἔδει.

186 1939 273 2010 εἷλον
295 1944 444 2018 ἅπαντας
469 1942 645 2027 „furtorum
667 1957 737 2010 roos
758 1965 779 2009 a
799 1965 852 2010 mo
872 1943 1001 2011 faotos’'.
1024 1943 1186 2011 Reiskius.

185 2040 272 2118 οὗτοι
305 2038 351 2118 ὧν
373 2049 468 2117 ἕνεκα
491 2048 671 2138 ἐλάμβανον
697 2056 839 2137 χρήματα
860 2050 953 2116 οὐδὲν
977 2047 1038 2116 οἶοί
1061 2077 1095 2118 τε
1117 2048 1197 2134 ἦσαν
1220 2051 1301 2138 ὠφε-

142 2157 249 2244 λῆσαι.
270 2159 483 2226 Probabiliter
503 2159 714 2227 Jemstedtius
735 2183 792 2249 pro
813 2159 993 2244 ὠφελῆσαιε
1016 2158 1203 2226 ἐπιτελέσαι.

185 2272 204 2356 ξ
227 2271 279 2335 40.
304 2268 386 2335 Oum
408 2273 474 2334 toto
495 2269 555 2336 hoo
575 2269 643 2336 loeo
665 2269 705 2335 de
727 2269 915 2336 Philocratis
937 2271 1010 2338 fieta
1031 2270 1172 2337 amicitia
1195 2271 1299 2336 eonfe-

141 2383 257 2445 rantur
287 2377 365 2443 haee
398 2377 496 2443 verba
527 2399 546 2444 o
577 2377 801 2444 Demosthenis
823 2378 965 2445 Midiana
986 2402 1017 2468 p.
1042 2382 1124 2446 553:
1148 2377 1299 2456 εῖςελθὼν

143 2485 255 2552 οἴκαδε
288 2487 331 2561 ὥς
366 2487 486 2551 ἐκεῖνον
521 2489 575 2550 καλ
599 2486 708 2568 ἐφεξῆς
731 2487 842 2551 οὑτωσὶ
865 2486 1085 2572 καθιξόμενος,
1107 2491 1165 2570 τὴν
1188 2486 1297 2563 όιξιὰν

140 2593 303 2684 ἐμβαλών,
339 2599 505 2678 παρόντων
539 2591 681 2677 πολλῶν,
714 2597 792 2678 μετὰ
827 2597 899 2671 τούς
934 2597 968 2662 ἐν
990 2605 1029 2681 τῇ
1049 2594 1147 2684 βουλῇ
1170 2599 1300 2672 τούτους

136 2703 264 2786 λόγονς.
290 2703 325 2767 ἐν
348 2697 395 2778 οἷς
417 2701 585 2788 αὐτόχειρα
607 2706 661 2767 καὶ
684 2705 724 2769 τό
746 2701 915 2770 δεινότατα
936 2703 1036 2789 εἴρηκε
1057 2706 1112 2771 τόν
1126 2705 1299 2789 Ἀρίσταρ-

140 2837 221 2900 χον,
268 2812 371 2896 ὤμνυε
403 2813 461 2895 μὲν
494 2807 567 2875 κατ’
600 2808 744 2888 ἐξωλείας
776 2811 875 2896 μηδὲν
909 2811 1066 2898 εἰρηκέναι
1100 2817 1171 2898 περὶ
1202 2811 1298 2878 αὐτοῦ

138 2918 284 3006 φλαῦρον
306 2925 371 2986 κτλ.
762 2900 767 2912 Ι

183 3031 202 3115 fi
224 3032 277 3095 41.
301 3028 355 3094 διὰ
377 3033 435 3113 τὴν
458 3031 535 3114 ἐμὴν
560 3027 713 3111 σπονδήν.
737 3029 837 3097 Recte
858 3030 997 3119 explieat
1019 3029 1191 3097 Reiskius:
1214 3027 1296 3093 όιότι

141 3139 210 3222 ἐμοὶ
234 3136 414 3214 ἐσπούδαζε.

183 3250 202 3334 ξ
236 3250 289 3315 43.
324 3251 438 3313 τούτου
471 3245 505 3312 δὲ
539 3251 594 3313 τοῦ
628 3244 792 3334 βασιλέως,
823 3247 860 3313 ὅν
882 3268 958 3330 φασι
982 3245 1072 3312 δειναὶ
1094 3248 1147 3311 καλ
1170 3240 1298 3330 σχετλία

142 3358 309 3440 εἶργόισθαι
341 3355 397 3420 οὐκ
433 3350 513 3438 ἦλθε
545 3361 766 3441 κατηγορήσων
788 3358 832 3430 εἷς
853 3357 909 3432 τὰς
931 3355 1080 3430 εὐθύνας.
1102 3354 1207 3420 Locus
1228 3351 1299 3418 ideo

143 3465 292 3532 notabilis
314 3469 377 3549 est,
401 3464 477 3553 quia
496 3464 531 3530 in
554 3464 729 3531 Reiskiana
750 3463 888 3530 editione
909 3463 1043 3530 ridicula
1064 3462 1220 3550 reperitur
1237 3461 1300 3527 lea-

142 3574 204 3659 tio;
240 3595 296 3661 pro
329 3572 468 3648 εὐθύνας
499 3572 585 3638 enim
607 3573 653 3638 ibi
675 3577 723 3638 ost
744 3572 906 3653 Ἀθήνας.
933 3571 995 3638 Sed
1017 3576 1125 3636 utrum
1147 3567 1299 3636 mendum

144 3704 163 3750 e
198 3681 420 3768 manuscriptis
451 3680 561 3766 libris,
594 3700 636 3746 an
671 3680 711 3746 ab
733 3679 914 3745 acutissimo
936 3679 1042 3746 critico
1064 3679 1106 3743 sit
1126 3681 1300 3744 oorreotum

140 3814 205 3860 non
238 3790 375 3858 invenio.
411 3789 503 3856 Oorte
535 3788 633 3876 digna
664 3792 712 3855 ost
735 3788 885 3854 eorrectio
906 3808 1003 3876 quam
1025 3786 1125 3854 critici
1146 3783 1301 3851 memoria

142 3903 282 3967 teneant.

185 4010 204 4095 ξ
237 4009 289 4074 45.
324 4013 377 4070 καλ
411 4005 442 4069 αἱ
473 4006 531 4089 μὲν
551 4000 646 4068 ἄλλοι
668 4005 810 4078 ἅπαντες
830 4003 915 4080 ὅσοις
937 4003 990 4068 ἐπὶ
1012 4009 1067 4070 τοῦ
1090 4001 1187 4068 αὐτοῦ
1209 4003 1299 4089 βασι-

141 4114 218 4192 λέως
241 4119 350 4203 χρόνος
370 4118 411 4198 μὴ
435 4115 565 4198 ἐγχωρεῖ
586 4157 731 4181 .....
762 4100 847 4176 οὗτοι
871 4110 905 4178 δὲ
928 4115 992 4180 κτέ.
1014 4111 1146 4178 Lacuna
1168 4111 1215 4178 ia
1235 4111 1301 4178 fere

139 4223 299 4312 explenda
321 4228 389 4290 est:
412 4224 463 4286 ἐπὶ
487 4227 541 4286 τοῦ
562 4219 692 4305 ὑστέρον
715 4230 755 4308 τῇ
776 4223 886 4308 πρώτῃ
906 4209 1038 4307 ἤμέρᾳῆ
1048 4219 1149 4296 ἔξεστι
1162 4224 1300 4307 χρῆσθαι

139 4335 285 4402 εῖόθασι.
309 4331 388 4397 Alio
412 4330 505 4397 modo
526 4329 685 4397 Reiskius.

185 4441 267 4509 Oum
301 4440 341 4506 iis
375 4461 458 4529 quae
491 4444 666 4527 sequuntur
698 4437 816 4526 optime
845 4436 979 4506 conferri
1010 4442 1112 4526 potest
1133 4437 1298 4505 Demosth.

137 4549 220 4619 Mid.
253 4573 285 4639 p.
317 4551 378 4622 551
417 4553 515 4615 exn:
540 4548 621 4612 οότω
642 4547 753 4613 τοίνυν
775 4539 864 4623 οὗτός
887 4548 972 4612 ἐστιν
996 4545 1108 4634 ἀσεβὴς
1128 4549 1302 4630 ἄνθρωπος

143 4663 197 4725 καλ
214 4661 330 4745 μιαρός
350 4661 405 4722 καὶ
428 4663 495 4724 πᾶν
515 4660 561 4723 ἄν
586 4655 723 4732 ὑποστὰς
745 4657 844 4722 εἰπεῖν
868 4659 921 4721 καὶ
943 4653 1071 4739 πρᾶξαι,
1094 4657 1122 4720 εἰ
1134 4652 1301 4740 ordinato
