3102 5310
766 491 806 552 12

401 685 522 768 Γέτοιμός
544 685 602 765 εἶμ’
625 684 720 763 ἔγωγε
743 682 820 746 κούκ
844 680 1025 764 ἀναδύομαι

400 793 528 859 δάκνειν
552 791 727 857 δάκνεσθαι
750 794 898 874 πρότερος
921 794 948 856 εἰ
973 793 1074 874 τούτῳ
1101 789 1190 854 δοκεῖ

399 907 488 986 τᾶπη
505 905 545 966 τὰ
567 899 646 984 μέλη
668 907 708 966 τὰ
732 904 827 998 νεῦρα
851 907 906 982 τῆς
929 898 1109 985 τραγῳδίας

401 1014 455 1075 κοιλ
478 1015 516 1092 νὴ
540 1011 605 1074 Δία
626 1012 681 1076 τὸν
706 1009 818 1094 Πηλέα
841 1035 875 1090 με
899 1010 1031 1073 καὶτὸν
1055 1005 1183 1072 Αἰὀλον

401 1123 455 1183 καὶ
479 1121 534 1185 τὸν
558 1118 748 1204 Μελέαγρον
771 1124 845 1184 κᾶτι
867 1117 953 1201 μάλα
973 1119 1028 1183 τὸν
1052 1114 1222 1198 Τήλεφον,

208 1228 264 1296 ubi
286 1231 360 1292 κᾶτι
382 1225 467 1310 μάλα
491 1229 647 1316 signifieat
669 1229 735 1294 fere
761 1229 857 1316 „quin
879 1228 1017 1312 etiam”;
1039 1227 1123 1316 quod
1141 1227 1173 1306 nsi
1195 1229 1269 1290 κᾶτι
1281 1221 1366 1306 μάλα

205 1336 383 1424 significare
414 1343 536 1426 potest,
569 1337 680 1426 quidni
713 1342 819 1402 nostro
843 1357 969 1424 queque
990 1356 1044 1401 reo
1066 1335 1100 1400 in
1122 1332 1363 1400 enumeratione

206 1445 396 1531 injuriarum
417 1446 534 1534 quibus
557 1445 689 1511 effeetus
709 1450 777 1529 est,
798 1444 903 1510 dieere
924 1445 999 1510 lieet
1021 1443 1069 1508 ἔτι
1093 1441 1127 1507 δὲ
1148 1439 1222 1524 μαλ’
1235 1439 1364 1524 ididam
1415 1480 1419 1484 -

213 1554 429 1642 „quinetiam
451 1554 486 1620 in
508 1553 636 1619 vincula
656 1574 709 1620 me
731 1553 975 1638 conjecerunt’P

245 1663 263 1748 ξ
290 1664 340 1728 18.
371 1663 501 1747 ὡσπερεὶ
532 1663 654 1728 ἄκοντά
676 1685 713 1744 με
736 1661 929 1741 οἷναχκάσας.
954 1659 1112 1727 Notabilis
1133 1665 1181 1726 est
1198 1659 1277 1725 'usus
1297 1678 1368 1745 par·

206 1770 309 1860 tieipii
336 1771 421 1859 apud
442 1771 583 1855 ὡσπερεί.

253 1881 349 1965 ξ20.
373 1877 526 1945 ἀπολύειν
549 1883 581 1945 et
611 1876 744 1942 λύεσθαι
776 1871 853 1966 quid
876 1878 916 1943 sit
937 1875 1066 1944 aliunde
1088 1873 1151 1942 non
1176 1882 1224 1942 est
1246 1880 1367 1941 neuim.
1466 1903 1467 1908 ¹
1536 1833 1547 1844 -

145 2014 148 2021 ·
207 1985 358 2052 Reiekine
399 1987 439 2052 ad
481 1984 647 2052 α’πολνοων
688 1992 818 2053 annotat
854 1986 1098 2071 „venditurue”;
1135 1991 1167 2052 et
1199 1986 1234 2050 in
1265 1984 1370 2051 indiae

209 2091 342 2158 identat
374 2096 470 2160 vertit
511 2097 666 2178 „emere”.
703 2095 766 2161 Sed
798 2094 870 2182 quie
902 2115 1012 2160 sensus
1043 2095 1089 2160 ita
1110 2094 1182 2160 eliei
1203 2099 1305 2182 potest
1326 2114 1367 2160 ex

208 2202 269 2268 hae
290 2203 495 2269 narratione:

252 2306 402 2391 ἐπλέομεν
428 2313 472 2384 εἷς
496 2318 555 2394 τὴν
579 2305 711 2392 Αἶνον,
736 2311 797 2390 ἐγὼ
820 2313 878 2394 μέν
894 2313 936 2386 ὡς
956 2313 1011 2376 ’τὸν
1023 2308 1147 2393 πατέρα
1160 2346 1201 2358 -
1216 2310 1367 2394 ἐτύγχανε

211 2419 272 2500 μὰρ
297 2416 343 2482 ὤν
368 2418 432 2482 ε’κεῐ
453 2422 523 2484 τότε
538 2422 612 2482 -e‘
633 2418 666 2484 δέ
692 2419 839 2505 Ἡρώδης
851 2419 1038 2503 ἀνδράποδα
1051 2419 1170 2504 Θρᾳξὶν
1182 2418 1368 2502 ἀνθρώποις

210 2522 385 2592 οἷπολδσιον.
412 2525 558 2593 συνέπλει
583 2526 616 2592 δέ
640 2534 679 2594 τά
700 2553 734 2593 τε
757 2528 944 2613 ἀνδράποδα
966 2532 988 2593 ἅ
1009 2528 1073 2593 ἔδει
1088 2529 1184 2594 αὐτὸν
1196 2527 1364 2605 ἀπολῦσαι,

210 2641 263 2701 καὶ
294 2637 325 2700 οἱ
357 2637 476 2722 Θρᾷκες
498 2638 528 2700 οἱ
551 2635 724 2720 λυσόμενον.
761 2637 847 2714 Quid
878 2660 953 2724 ergo
975 2637 1123 2704 Heredae
1145 2659 1223 2725 opus
1243 2643 1310 2703 erat
1334 2639 1369 2702 in

209 2745 378 2811 Thraeiam
410 2747 471 2811 iter
507 2747 638 2812 faeere?
666 2746 721 2812 An
743 2746 793 2811 illi
816 2747 955 2815 Thraces
978 2750 1177 2811 numeratam
1199 2747 1367 2833 peeuniam

209 2875 273 2920 non
295 2854 479 2920 habebant?
503 2855 594 2920 idem
618 2854 683 2920 fere
706 2856 858 2921 Reiskiue
881 2856 1015 2941 rogavit.

254 2962 346 3037 Quod
378 2962 471 3028 medo
506 2963 649 3028 dicebam
682 2963 914 3051 Antiphontem
949 2981 1041 3050 saepe
1071 2981 1184 3050 parum
1206 2963 1367 3050 eleganter

210 3071 295 3136 idem
329 3071 519 3136 vocabulum
553 3077 713 3158 repetere,
748 3071 879 3138 fortasse
912 3093 976 3137 non
1010 3070 1123 3136 inutile
1155 3072 1236 3156 erit,
1268 3073 1295 3136 ei
1317 3073 1369 3138 hie

216 3179 389 3267 insigniora
410 3179 567 3266 quaedam
590 3179 754 3267 exeempla
776 3181 835 3246 sub
857 3201 958 3246 unum
981 3184 1181 3265 eonspeetum
1203 3179 1339 3246 dedero:

364 3290 445 3373 §36
535 3285 732 3372 παρέχοντας
778 3337 786 3352 .
832 3337 840 3352 .
887 3337 895 3353 .
941 3337 949 3352 .
993 3285 1203 3372 παρέχοντας.

407 3398 450 3462 40
538 3397 675 3480 ἐχρῆτο.
722 3421 739 3461 .·
777 3446 785 3462 .
831 3445 839 3461 .
886 3446 894 3461 .
941 3445 948 3461 .
996 3397 1176 3481 χρώμενος..

408 3505 450 3568 44
540 3507 678 3585 καὶμὴν
725 3553 950 3570 .....
1000 3507 1053 3567 καὶ
1074 3509 1147 3588 μὴν.

407 3615 449 3677 63
538 3613 625 3697 χρεία
670 3662 956 3680 ......
1003 3614 1156 3698 ἐχρώμην.

406 3722 448 3786 80
535 3722 682 3795 εἷςιόντες
706 3723 749 3796 εἷς
770 3721 850 3803 ὑμᾶς
894 3771 903 3789 .
950 3773 958 3788 .
1005 3725 1152 3798 εἶςιόντες
1178 3725 1222 3798 εἷς
1245 3722 1334 3806 ὑμᾶς.

170 3807 207 3883 λλ
262 3827 366 3914 §20-
382 3833 524 3894 σκοπεῖτε
546 3830 595 3893 ὅτι
616 3833 657 3913 μὴ
681 3832 816 3913 προνοίᾳ
837 3829 958 3913 μᾶλλον
983 3829 1107 3911 ἐγένετο
1128 3837 1148 3913 ἤ
1169 3834 1257 3917 τύχη.
1287 3833 1368 3898 Nul-

215 3936 265 4002 lne
299 3937 385 4003 loeus
407 3944 454 4004 est
474 3938 648 4027 particulae
668 3945 735 4022 μη,·
757 3941 864 4028 inepte
885 3945 993 4006 tamen
1015 3931 1218 4007 Maetnnerns
1238 3942 1371 4027 conjecit

217 4045 264 4110 ori.
290 4046 502 4113 Jemetedtiue
525 4048 656 4134 conjecit
678 4050 706 4112 εἰ
728 4049 817 4133 [μή],
840 4048 894 4114 aed
916 4048 1045 4113 mallem
1069 4050 1097 4113 εἴ
1116 4073 1148 4112 τι
1170 4048 1273 4114 deleto
1294 4056 1347 4130 μή.

128 4177 164 4240 εχ
175 4131 218 4222 'tl
259 4157 362 4242 §⁸⁴3st
393 4177 439 4243 eq.
482 4155 618 4221 Netetur
657 4156 870 4242 eubJeetorum
917 4157 1053 4222 varietas
1096 4148 1143 4221 in'
1173 4157 1281 4232 πείσας
1294 4207 1302 4223 .
1317 4208 1324 4223 .
1338 4207 1367 4223 ..

216 4257 447 4348 πεποιημένος,·
471 4268 696 4354 ποιησάμενος.
710 4313 740 4349 .‚
765 4267 996 4350 κατασχόντες,
1021 4270 1053 4330 et
1064 4265 1132 4350 edd
1149 4267 1191 4330 48
1205 4266 1368 4347 ἀποθνησ-

218 4394 307 4438 κονσι
323 4422 330 4440 .
345 4423 352 4439 .
368 4423 375 4439 .
399 4372 621 4455 παραδιδόασι.

261 4482 304 4547 ib.
343 4480 455 4565 „Quod
489 4483 523 4548 in
555 4482 642 4548 uliud
674 4482 839 4570 navigium
873 4482 1077 4568 transiimue,
1107 4505 1171 4548 nen
1192 4483 1263 4549 delo
1286 4482 1370 4548 malo

219 4590 339 4657 factum
363 4596 430 4675 est,
454 4591 509 4657 sed
531 4592 734 4676 necessitate3
759 4593 792 4656 ἐν
816 4577 842 4676 ᾦ
862 4593 920 4673 μέν
939 4593 998 4672 γὰρ
1012 4587 1162 4672 ἐπλέομεν
1174 4589 1369 4670 ιὶστέγαστον

364 3398 383 3481 i

365 3505 384 3590 δ

366 3614 385 3698 i

364 3721 382 3804 i
