3102 5310
738 489 775 552 11

178 684 350 750 absurdum
377 688 458 748 esset
478 681 626 770 exempla
646 681 766 747 afferre.
784 681 855 749 Sed
875 681 956 747 illud
978 675 1074 756 αὖθις
1095 679 1180 766 μάλα
1201 705 1264 748 non
1287 687 1334 749 est

176 793 239 858 nisi
260 813 361 858 unum
384 790 567 878 exemplum
589 809 607 855 ο
629 790 748 855 multis.
772 789 857 854 Nam
880 810 1003 877 semper
1024 791 1080 856 ubi
1102 791 1226 878 saepius
1247 791 1333 858 idem

177 901 366 966 vooabulum
389 903 576 986 usurpatm,
599 897 651 963 vel
673 897 735 963 alio
757 899 851 964 modo
872 899 980 985 aliqua
999 899 1124 964 iteratio
1142 900 1194 966 vel
1204 921 1333 968 enume-

177 1007 258 1074 ratio
291 1006 503 1094 significatru,
533 1005 689 1094 particula
715 1003 801 1088 μάλα
824 1006 898 1071 addi
921 1006 1008 1071 solet.
1032 1005 1144 1073 Oitabo
1165 1011 1333 1076 nonnullos

175 1115 280 1182 locos:

220 1223 340 1290 Herod.
364 1221 424 1307 IV,
447 1223 489 1288 68
512 1226 604 1287 extr:
626 1225 666 1302 ἦν
689 1219 723 1284 δὲ
747 1221 778 1283 οί
800 1218 988 1296 ἐπελθόντες
999 1226 1127 1304 μάντιες
1139 1221 1328 1302 οίπολύσωσι,

218 1330 312 1397 ἄλλοι
334 1337 457 1418 πάρεισι
479 1335 618 1413 μάντιες,
646 1332 700 1392 καί
722 1327 808 1411 μάλα
828 1328 931 1396 ἄλλοι.

219 1440 263 1507 ib.
285 1439 383 1525 VIII,
404 1443 444 1505 66
457 1461 464 1503 :
488 1435 636 1520 Μηλιέας
649 1439 702 1501 καί
716 1435 855 1521 Δωριέας
868 1442 922 1502 καί
934 1441 1076 1525 Λοκρούς
1088 1443 1141 1504 καί
1154 1445 1328 1519 Βοιωτούς,

222 1598 230 1614 .
254 1597 263 1614 .
287 1599 295 1613 .
320 1598 327 1613 .
352 1550 405 1612 καί
427 1543 513 1629 μάλα
534 1546 734 1628 Καρυστίους
755 1571 789 1610 τε
814 1550 867 1610 καί
893 1545 1069 1631 Ἀνδρίους
1091 1553 1145 1613 καί
1168 1553 1315 1634 Τηνίους.

222 1657 273 1724 Ita
295 1658 349 1720 καί
370 1652 458 1737 μάλα,
478 1656 625 1741 frequens
648 1658 704 1720 est.
729 1653 767 1720 cf.
790 1654 849 1720 Ar.
872 1654 957 1722 Nub.
985 1659 1068 1723 1325
1093 1680 1156 1747 sq.:
1289 1741 1294 1754 η

217 1764 278 1830 Str.
302 1756 328 1828 ὦ
349 1765 441 1847 μιαρεΙ
466 1769 592 1836 τύπτεις
614 1764 670 1826 τὸν
693 1760 842 1848 πατέρας
865 1763 959 1829 Phid.
983 1761 1058 1845 φήμ’
1082 1757 1107 1829 ὦ
1132 1770 1241 1852 πάτερ.

220 1872 281 1939 Str.
304 1869 399 1957 ὁρᾶθ’
421 1867 632 1956 ὁμολογοῦνθ’
656 1871 705 1934 ὅτι
727 1866 765 1954 με
789 1873 923 1951 τύπτεις
945 1873 1039 1940 Phid.
1063 1879 1115 1938 καί
1138 1874 1233 1958 μάλα.

930 1980 978 2066 (id
1001 1987 1064 2049 ert:
1086 1984 1202 2052 iterum
1224 1987 1327 2074 φημιλ.

217 2088 317 2154 Arist.
352 2088 435 2155 Rau.
464 2089 547 2154 890:

367 2196 445 2262 ἰ’διοί
468 2193 554 2271 τινές
576 2216 625 2258 σοι
649 2198 752 2279 κόμμα
776 2199 914 2277 καινόν,·
936 2201 990 2262 καί
1012 2201 1109 2280 μάλα.

759 2305 793 2389 (i.
807 2327 834 2371 e.
857 2305 917 2372 hoo
940 2328 1065 2395 quoque
1087 2308 1132 2375 σίο
1153 2311 1326 2399 sehabet).

215 2413 417 2482 contrarium
441 2418 489 2479 est
513 2411 550 2476 οὐ
571 2410 669 2496 μάλα.
694 2413 742 2479 Of.
764 2413 864 2480 Arist.
886 2414 982 2502 Vesp.
1007 2418 1069 2481 117
1092 2439 1176 2505 sqq.:

369 2519 542 2586 ἀνέπειθεν
561 2519 659 2587 αὐτόν
681 2525 723 2604 μὴ
746 2526 852 2606 φορεῖν
871 2525 1045 2610 τριβώνιον

361 2626 434 2713 μήτ’
458 2627 577 2706 ἰξιίναι
600 2628 739 2716 θύραζ’,
764 2627 830 2695 ὁδ’
842 2629 899 2694 οὐκ
922 2631 1077 2700 ίπείθετο.

369 2736 422 2803 εἶτ’
446 2735 543 2802 αὐτὸν
566 2735 688 2802 εἷπίλου
711 2737 882 2822 κάκάθαιρ’
904 2739 921 2802 δ
943 2736 1011 2803 δὀὐ
1032 2737 1127 2822 μάλα.

671 2847 704 2930 (i.
727 2867 755 2913 ο.
779 2847 887 2913 nesio
910 2846 1040 2935 quidem
1062 2870 1184 2917 morem
1205 2852 1325 2941 gessit).

214 2951 364 3041 Aewhyl.
385 2953 474 3021 Pers.
497 2955 577 3022 384:

366 3067 420 3126 καί
443 3061 501 3139 νύξ
523 3065 654 3150 ἐχώρει,
679 3061 736 3128 κού
757 3061 831 3147 μάλ’
853 3062 1018 3147 Ἑλλήνων
1041 3069 1172 3150 στρατός

364 3177 519 3257 κρυφαῖον
544 3169 682 3239 ἔκπλουν
704 3172 824 3262 οὐδαμῇ
847 3174 1035 3240 καθίστατο.

212 3277 334 3344 Eodem
354 3279 449 3345 modo
472 3284 525 3344 καὶ
549 3272 646 3356 αὖθις
665 3278 761 3360 μάλα.
786 3282 886 3348 Arist.
908 3283 991 3348 Ran.
1015 3285 1098 3349 369:

168 3388 291 3462 τούτοις
313 3385 401 3451 αὐδῶ
423 3380 540 3464 καύθις
562 3388 697 3454 α’παυδῶ
722 3381 839 3465 καῦθις
863 3392 899 3455 τὸ
922 3391 1029 3475 τρίτον
1050 3389 1125 3474 μάλ’
1142 3389 1287 3460 ἀπαυδῶ.

212 3494 256 3561 Et
276 3496 333 3563 ubi
355 3498 440 3564 idem
464 3498 655 3565 vocabulum
681 3499 806 3587 saepius
827 3499 976 3565 recurrit:

364 3601 414 3669 εία
435 3602 521 3689 μάλα
544 3607 616 3672 Pax
640 3609 705 3673 460
730 3629 797 3695 sqq.
821 3613 853 3674 et
875 3608 951 3696 Lys.
978 3609 1072 3673 1304.

212 3713 284 3780 Pax
308 3715 389 3780 280:

365 3822 448 3904 σ’ίμοι
471 3820 590 3900 τάλας,
617 3823 701 3906 σ’ίμοι
725 3848 759 3903 γε
782 3827 852 3889 κᾶτ’
876 3824 961 3906 οίμοι
983 3822 1079 3908 μάλα.

212 3930 275 3998 Sed
306 3931 449 3998 maxime
483 3932 518 3997 in
553 3937 692 3998 nostram
724 3953 851 3998 causam
884 3933 1005 3998 faciunt
1028 3933 1091 4000 duo
1115 3933 1176 4000 lori
1197 3932 1324 4002 Aristo·

168 4038 295 4129 pharai.
317 4039 411 4107 Alter
429 4045 476 4105 est
498 4040 533 4104 in
555 4040 639 4105 Ροοο
661 4061 723 4106 σεε.
747 4041 790 4106 50
812 4062 879 4129 sqq.

359 4147 422 4228 ἐγὼ
446 4145 479 4212 δὲ
502 4148 559 4213 τὸν
583 4143 678 4226 λόγον
701 4172 736 4225 γε
757 4151 837 4212 τοῖσι
860 4146 1003 4223 παιδίοις

363 4253 415 4320 καί
437 4260 538 4322 τοῖσιν
563 4254 718 4341 α’νδρίοισι
742 4259 796 4322 καί
819 4261 885 4332 τοῖς
907 4253 1060 4342 ἀνδράσιν

365 4362 417 4428 καὶ
441 4369 508 4440 τοῖς
529 4364 749 4449 ὑπερτάτοισιν
771 4364 925 4452 ἀνδράσιν
948 4372 1054 4448 φράσιν

366 4475 421 4537 καί
445 4479 510 4548 τοῖς
533 4472 796 4557 ὑπερηνορέουσιν
819 4474 867 4540 ἔτι
893 4479 1015 4550 τούτοις
1039 4471 1135 4558 μάλα.

214 4577 308 4646 Alter
328 4582 364 4647 in
385 4583 495 4650 Ram
518 4585 582 4649 860
604 4604 671 4669 sqq.
