3102 5310
739 503 779 566 37

219 695 344 762 Deinde
365 696 392 761 si
416 695 487 783 quis
509 694 709 782 aliquantum
732 695 884 782 temporis
906 700 938 760 ct
958 695 1075 760 laboris
1092 695 1168 761 huic
1187 697 1330 763 reiinsu·

177 825 265 870 mers
286 804 385 889 velit,
407 803 500 869 fusile
521 802 562 868 ad
583 803 647 868 ulia
669 807 858 888 argumenta
879 824 922 870 ex
943 803 1014 869 eliis
1037 803 1331 872 oratonibussimi·

173 912 220 978 les
252 912 337 978 locos
366 911 479 978 efferre
501 911 621 999 possit3
644 912 709 996 cio,
733 917 769 976 ut
794 933 857 978 uno
879 913 1025 1000 exemplo
1047 913 1222 1000 defungar,
1245 914 1330 1002 quod

178 1021 225 1086 A.
248 1022 279 1107 β.
304 1022 345 1085 12
367 1025 399 1085 et
420 1019 468 1084 A.
496 1046 526 1099 y.
551 1021 571 1084 8
605 1019 645 1084 de
676 1021 832 1102 είςφοραῖς
860 1025 893 1086 et
915 1021 1076 1106 χορηγίαις
1098 1022 1234 1108 legitur,
1257 1024 1333 1090 satis

175 1134 287 1195 notum
320 1132 367 1194 est
400 1149 418 1193 e
446 1127 554 1215 Lysia.
583 1125 626 1192 la
647 1126 732 1214 quod
755 1128 916 1193 interdum
939 1134 1045 1216 aperte
1066 1129 1145 1195 falsa
1168 1135 1216 1196 est
1237 1152 1331 1218 argu·

176 1237 350 1320 mentatio,
384 1235 456 1322 quie
489 1257 553 1301 non
586 1237 655 1322 ejus
687 1256 813 1323 quoque
846 1236 893 1302 rei
928 1238 1031 1302 multa
1051 1240 1198 1326 exempla
1219 1242 1332 1307 afferre

174 1345 273 1432 possit
305 1366 347 1410 ex
380 1345 574 1411 orationibus
608 1344 725 1410 Atticis
759 1365 869 1411 revera
901 1345 942 1411 ud
967 1345 1092 1432 judiees
1123 1348 1262 1416 habitis:
1293 1350 1329 1415 hi

174 1453 261 1518 enim
282 1474 346 1518 non
367 1453 516 1519 movendi
540 1458 629 1519 erent
651 1453 783 1519 veritate
806 1452 860 1519 sed
882 1458 954 1519 astu
974 1454 1161 1542 decipiendi.

88 1553 93 1561 ’
218 1560 293 1627 Uno
314 1567 422 1627 tamen
443 1582 544 1649 eoque
565 1561 751 1648 gravimimo
770 1561 902 1627 erimine
919 1563 1157 1649 temslogiarum
1170 1570 1331 1633 auctorem

172 1689 310 1758 purgare
343 1691 493 1758 possum3
528 1671 619 1756 ajunt
644 1669 730 1735 enim
754 1669 802 1734 bis
824 1691 900 1736 eum
922 1692 1015 1736 usum
1037 1693 1105 1738 esse
1126 1694 1163 1738 eu
1185 1674 1330 1761 fallacia,

172 1797 271 1864 quam
303 1800 389 1844 nuno
425 1778 553 1861 „orbem
584 1779 619 1844 in
650 1777 914 1845 demonstrando”
941 1778 1085 1845 dicimus.
1110 1779 1215 1848 Semel
1237 1805 1330 1850 usum

176 1905 245 1951 esse
276 1907 340 1953 non
374 1907 454 1974 nego
488 1887 534 1951 A.
559 1910 590 1952 α.
615 1887 645 1951 8.
670 1885 732 1951 Sed
754 1885 839 1972 quod
862 1886 958 1952 etiam
981 1887 1029 1952 Α.
1053 1913 1082 1967 y.
1107 1891 1125 1954 6
1148 1889 1212 1956 hue
1233 1892 1331 1958 trahi·

173 2002 244 2081 tur,
277 2001 390 2061 natum
423 1999 471 2060 est
506 2015 547 2060 ex
579 1993 659 2059 iales
681 1993 911 2060 emendatione.
936 1995 1051 2061 Orator
1073 1997 1132 2062 hoc
1157 1998 1255 2064 dicit:
1277 2021 1331 2067 rso

174 2107 216 2171 ab
251 2126 288 2172 eo
321 2105 411 2189 uiro,
434 2103 489 2191 qui
512 2103 631 2169 oeeisus
653 2107 720 2186 eet,
739 2101 900 2188 judicium
921 2102 1086 2190 publicum
1109 2106 1240 2194 (γραφή)
1264 2115 1332 2175 erat

171 2214 402 2299 metuendum,
433 2212 518 2302 quod
547 2217 583 2278 ut
611 2212 746 2296 vitaret,
769 2209 933 2278 hominem
955 2213 1133 2280 interfecit:
1154 2216 1197 2291 ὥς
1220 2214 1250 2281 δ’
1272 2217 1329 2282 οὐκ

170 2319 289 2388 ἐλάσσω
315 2320 398 2387 ἀλλὰ
420 2321 501 2387 πολι)
523 2322 617 2404 μείζω
636 2322 691 2385 τὸν
715 2320 778 2384 aaa*
805 2328 862 2400 τῆς
883 2327 1004 2402 γραφῆς
1026 2321 1175 2388 κίνδυνον
1197 2321 1215 2400 ἢ
1238 2324 1330 2392 τόνδε

178 2431 247 2516 (τόν
279 2432 342 2496 α’πὸ
375 2439 439 2516 τοῦΙ
461 2432 573 2516 φόνον)
597 2435 703 2514 η’γεῖτο
725 2424 808 2494 εἶναι
833 2427 960 2504 διδάξω.
985 2434 1102 2514 τὸμὲν
1127 2429 1251 2498 ἁλῶναι
1274 2438 1328 2500 καί

174 2538 353 2622 ἀποφυγεῖν
376 2538 555 2624 ἀμφοτέρας
578 2542 634 2614 τὰς
656 2537 779 2613 διώξεις
803 2539 836 2604 ἐν
861 2538 944 2613 ἰὀαις
967 2536 1070 2605 ἐλπίσι
1093 2546 1202 2625 θῶμεν
1225 2542 1328 2628 αὐτῷ,

173 2651 216 2729 μὴ
250 2655 458 2735 παραχθῆναι
492 2648 526 2713 δὲ
549 2651 608 2730 τὴν
630 2647 797 2733 γραφὴν*)
821 2645 972 2728 οὐδεμίαν
996 2647 1111 2715 ἐλπίδα
1132 2646 1194 2737 εἶχε
1217 2654 1331 2717 todeca

174 2780 209 2836 ys
245 2754 382 2833 ζῶντος,
417 2757 453 2822 οὐ
476 2761 535 2842 γὰρ
556 2761 598 2822 ἂν
623 2755 758 2821 ἐπίθετο
782 2755 880 2840 αὐτῷ.
905 2760 949 2832 εἷς
971 2757 1005 2823 δὲ
1028 2758 1121 2824 τόνδε
1144 2762 1199 2826 τὸν
1220 2761 1332 2841 ἀγῶνα

173 2865 261 2947 ἥξειν
295 2865 351 2930 οὐκ
387 2864 509 2948 ἤλπιοε.
545 2867 631 2932 Illud
663 2863 797 2930 ἐπίθετο
830 2863 934 2959 αὐτῷ,
967 2867 1002 2933 in
1033 2889 1097 2956 quo
1119 2873 1187 2934 tota
1207 2869 1332 2936 fallacia

174 2975 277 3060 inest,
312 2996 354 3041 ex
377 2955 556 3062 conjecture
576 2975 717 3042 Dobraei
739 2975 891 3061 seriptum
914 2980 962 3041 est
980 2997 1038 3064 pro
1061 2977 1207 3042 ἐπείθετο
1231 2977 1328 3061 αὐτῷ.

175 3083 239 3150 Sed
269 3083 403 3150 verbum
437 3085 575 3169 πείθειν,
608 3083 675 3149 cive
706 3081 879 3169 legendum
908 3088 957 3149 est
978 3083 1109 3150 ἔπειθεν
1133 3085 1240 3172 αὐτόν,
1264 3088 1331 3153 sive

174 3192 262 3258 aliud
290 3192 383 3280 quid,
406 3192 460 3258 hie
481 3193 655 3259 necessario
680 3193 874 3279 requiritur:
897 3191 987 3258 nulla
1008 3214 1062 3260 rso
1083 3215 1154 3283 opes
1175 3196 1330 3262 emisam

175 3307 213 3368 ut
245 3302 302 3368 illa
329 3306 432 3384 γραφή
454 3323 518 3368 non
540 3301 774 3386 institueretur3
798 3300 886 3366 nullo
908 3302 994 3368 enim
1015 3303 1130 3390 modo,
1152 3325 1256 3392 neque
1276 3324 1330 3391 pe·

179 3411 273 3477 cunia
301 3432 405 3498 neque
426 3410 529 3497 grstia
552 3409 768 3476 adversarium
790 3431 884 3476 suum
907 3431 944 3476 eo
965 3411 1140 3496 perducere
1157 3414 1331 3498 potuisset,

175 3527 213 3586 at
243 3519 283 3585 ab
316 3521 516 3586 accusatione
549 3518 722 3584 desisteret.
755 3518 840 3585 Nam
871 3519 931 3586 hoo
960 3520 1065 3608 ipsum
1086 3520 1183 3587 verbo
1203 3520 1330 3585 πείθειν

177 3627 383 3714 significetur.

220 3733 273 3801 Ex
306 3734 502 3822 argumentis
534 3755 609 3820 ergo
643 3733 852 3800 demonstrari
884 3756 975 3823 posse
1009 3757 1073 3802 non
1106 3735 1217 3822 eredo,
1240 3741 1336 3802 tetra-

174 3843 276 3931 logiao
319 3844 360 3910 ab
402 3841 601 3931 Antiphonte
646 3863 711 3908 non
744 3863 812 3908 esse
844 3843 985 3931 scriptus.
1020 3842 1204 3910 Videndum
1236 3845 1336 3932 igitm

177 3952 217 4018 do
247 3973 400 4020 sermone.
432 3950 583 4017 Affirmat
615 3954 722 4016 autem
756 3950 1013 4038 Herwerdenue,
1035 3974 1054 4020 e
1076 3972 1219 4019 sermone
1240 3973 1335 4040 appa·

177 4081 264 4147 rere,
297 4082 351 4127 eas
380 4082 445 4127 non
478 4059 601 4126 soeculo
634 4058 745 4147 quinto
778 4080 806 4124 a.
836 4058 911 4126 chr.
941 4083 973 4126 n.
1004 4083 1024 4126 a
1055 4082 1205 4148 germano
1238 4061 1335 4149 serip-

176 4175 245 4236 tors
274 4169 404 4254 Attiou,
437 4169 492 4235 ced
525 4168 601 4235 satis
633 4167 751 4234 recenti
773 4171 875 4234 aetate
897 4169 937 4234 ab
958 4168 1088 4236 homine
1110 4169 1245 4255 (Ionica)
1268 4190 1332 4236 oer-

174 4277 279 4344 monis
312 4277 414 4345 Attici
441 4299 506 4344 non
525 4276 716 4367 peritissimo
737 4296 806 4342 esse
827 4276 1025 4365 compositae.
1048 4276 1141 4355 Quod
1164 4282 1201 4343 ut
1220 4277 1334 4366 probet

174 4392 342 4454 enumerat
374 4385 528 4454 nonnulle
547 4384 702 4452 vocabula
723 4383 925 4470 Herodotea,
947 4385 1064 4472 quibus
1085 4385 1159 4453 eddi
1180 4389 1331 4474 possunt:

212 4613 241 4680 1’)
258 4613 341 4669 Verba
357 4617 472 4684 comptu
487 4632 543 4671 cass
557 4618 678 4684 possunt,
695 4611 739 4668 scd
755 4614 877 4667 smteutie
893 4616 959 4667 certe
974 4618 1021 4668 est
