3102 5310
775 513 815 574 16

258 706 371 794 Neque
404 728 488 772 nune
516 727 595 794 opus
616 707 676 772 erit
698 707 897 793 conjectura,
919 727 1015 794 quam
1037 708 1071 773 in
1094 707 1366 799 observationibus

216 810 427 880 Jerustedtius
458 815 641 902 proposuit:
674 817 729 879 καὶ
751 816 809 897 μὲν
832 813 871 896 δὴ
895 821 1043 882 ταῦτα
1065 815 1099 892 ἐξ
1121 815 1192 881 ἰ’σον
1215 813 1370 899 γενόμενα

217 921 295 1004 πρὸς
328 927 384 987 τοῦ
418 925 587 1005 φεύγοντάς
622 925 688 990 ἐστι
721 920 843 1006 μᾶλλον
874 920 969 999 ἢτοῦ
999 922 1172 1001 διώκοντος
1195 946 1252 1014 pro
1273 927 1314 990 τὰ
1337 922 1371 999 ἐξ

216 1029 307 1106 ἰὀόος
342 1030 499 1118 signifieat
531 1032 617 1099 enim
649 1031 729 1098 hoe:
762 1032 851 1120 atqui
883 1034 924 1097 τὰ
954 1032 988 1108 ἐξ
1010 1033 1080 1098 ἰ’σοο
1102 1035 1257 1117 γενόμενα
1279 1051 1370 1097 reum

217 1139 393 1205 absolvunt.
432 1137 579 1223 ,Quanto
610 1141 733 1228 magis”
766 1140 826 1226 (ita
854 1141 987 1229 quisque
1008 1140 1175 1228 cogitando
1197 1139 1371 1228 supplebit)

219 1247 476 1334 ,testimoninm,
513 1251 604 1336 eujus
635 1248 718 1316 duae
746 1254 851 1337 partes
871 1271 929 1338 pro
950 1271 1005 1318 reo
1026 1251 1110 1336 sint,
1133 1248 1198 1318 una
1219 1271 1293 1340 pars
1313 1269 1371 1337 pro

218 1357 430 1422 aecusatore.”
764 1434 767 1438 ,

263 1463 423 1550 Omnino,
455 1485 538 1551 quae
569 1463 610 1531 de
642 1461 765 1532 duobus
793 1465 857 1530 illis
878 1464 1011 1533 testibus
1032 1471 1222 1551 narrantur,
1245 1462 1375 1530 eoniusa

218 1579 312 1660 sunt,
346 1595 410 1640 non
443 1573 574 1640 oratoris
607 1572 720 1661 eulpa,
751 1573 806 1640 sed
838 1573 1040 1644 librariorum
1073 1581 1106 1645 et
1137 1575 1239 1640 multo
1272 1567 1376 1658 magis

217 1683 314 1750 etiam
336 1682 579 1778 semidoetorum
600 1682 902 1768 grammatieorum‚
925 1684 982 1770 qui
1005 1673 1283 1750 additamentis'et
1306 1701 1373 1746 eor·

220 1791 412 1858 rectioribus
443 1791 510 1856 suis
539 1791 622 1856 ultro
643 1790 881 1877 significarunt,
903 1813 1001 1880 quam
1022 1792 1103 1858 nihil
1124 1813 1234 1859 eorum
1256 1788 1372 1855 inteili-

219 1904 351 1986 gerent,
374 1919 455 1988 quee
476 1898 774 1987 interpretabantur.
798 1899 926 1987 Optime
943 1901 1004 1966 hoe
1021 1895 1399 1984 sensitHerwerdenus,'

218 2007 281 2095 qui
306 2029 432 2074 summo
458 2008 533 2094 jure
559 2009 578 2093 ξ
611 2009 654 2074 42
687 2013 754 2083 τοῖς
785 2009 930 2084 ὑστάτοις
965 2007 1069 2089 λόγοις
1105 2008 1170 2096 legi
1202 2007 1294 2094 jussit
1316 2027 1374 2095 pro

219 2121 285 2192 τοῖς
317 2116 446 2201 ὕστερον
481 2113 586 2196 ίιίγοις
598 2165 609 2198 ,
643 2117 757 2184 deinde
786 2119 807 2203 ξ
832 2120 874 2184 55
897 2118 990 2205 ejeoit
1013 2118 1168 2184 voeabula
1189 2119 1209 2181 o‘
1228 2119 1376 2200 πρότερος

221 2227 429 2313 βασανισθεὶς
460 2230 492 2292 et
524 2226 661 2311 ὕστερος.
696 2225 869 2314 Egregium
901 2227 963 2293 viri
995 2225 1189 2314 sagacissimi
1211 2223 1376 2313 disputati·

222 2355 315 2401 onem
350 2334 425 2401 ride
457 2335 542 2423 apud
573 2336 679 2425 ipsum
711 2336 830 2402 Mrem.
864 2336 916 2402 IX
938 2338 1002 2404 206
1024 2358 1070 2424 sq.
1093 2334 1218 2402 Deinde
1239 2338 1271 2401 et
1292 2332 1376 2398 hane

221 2441 477 2510 emendationem
498 2465 558 2531 ego
575 2449 773 2532 proponent,
785 2444 967 2533 ubieunque
978 2465 1087 2510 servus
1098 2441 1348 2526 τοσαοστόοίνηρ
1362 2488 1371 2514 ,

223 2551 276 2617 vel
301 2551 382 2619 liber
402 2553 632 2637 ὁᾶνθροιπος,
659 2553 693 2619 id
713 2552 904 2618 vocabulum
928 2573 1159 2641 expungamus.
1182 2551 1268 2618 Nam
1290 2549 1375 2638 quod

221 2660 316 2726 ambo
337 2661 513 2750 promiseue
534 2661 733 2750 appellantur
754 2661 799 2727 τὼ
825 2661 999 2746 ἀνθρώπω,
1024 2662 1059 2726 in
1077 2661 1232 2728 eominu
1243 2659 1376 2727 offendo.

223 2771 275 2837 Ita
307 2771 326 2856 ξ
361 2772 403 2836 40
436 2769 607 2837 delendum
639 2771 700 2838 erit
719 2771 740 2836 d
756 2771 856 2856 οἰνήρ,
881 2773 901 2858 ξ
922 2773 965 2838 42
987 2769 1006 2834 o‘
1025 2767 1130 2856 ἕτερος
1151 2768 1376 2856 [άνθρωπος],

223 2880 242 2965 ξ
274 2881 317 2944 47
346 2879 402 2943 τὸν
424 2876 552 2964 ἄνδρα,
577 2879 662 2968 quod
683 2881 827 2974 sequenti
849 2880 906 2945 τὸν
928 2882 1072 2963 μηνυτὴν
1095 2879 1199 2967 magis
1220 2879 1316 2946 etiam
1339 2878 1377 2943 fit

223 3007 476 3076 asperrumum,
509 2987 552 3054 ib.
583 2991 639 3053 τοῦ
661 2985 798 3073 ἀνδρός,
824 2991 843 3075 ξ
867 2991 908 3055 56
932 2989 991 3055 τὸν
1010 2986 1136 3072 ἄνδρα,
1162 2991 1195 3054 et
1215 2991 1379 3076 praeterea

223 3098 333 3187 paneis
357 3097 428 3164 aliis
448 3097 524 3164 loeis
545 3097 742 3164 alterutrum.
758 3097 1008 3181 ,Vehementem
1019 3094 1231 3163 medieinam'’
1243 3093 1377 3182 inquies.

223 3205 383 3294 Equidem
416 3205 540 3272 facilius
572 3205 652 3271 mihi
682 3204 856 3294 persuadeo
888 3204 965 3271 oiim
987 3205 1084 3270 fuisse
1105 3203 1218 3270 stultos
1239 3209 1273 3270 et
1294 3202 1380 3269 male

224 3313 351 3382 sedulos
372 3314 523 3402 lectores,
546 3335 643 3401 quam
665 3335 807 3402 unquam
830 3314 933 3381 ullum
955 3314 1114 3380 exstitisse
1134 3318 1289 3381 oratorem
1311 3316 1378 3380 tam

224 3423 389 3511 ineptum,
411 3423 468 3511 qui
488 3423 521 3488 id
541 3427 703 3508 narraret,
725 3422 810 3510 quod
831 3442 924 3490 nemo
945 3422 1122 3509 intelligere
1143 3425 1257 3510 posset.

268 3535 288 3619 ξ
323 3535 375 3599 53.
407 3533 506 3615 οἳγάρ
529 3536 571 3614 μη
593 3525 660 3597 οἷόν
682 3556 717 3596 τε
742 3529 863 3598 εἰδέναι
886 3532 942 3597 τὸν
965 3528 1124 3615 φέροντα,
1151 3529 1240 3595 ταῦτ’
1263 3533 1308 3595 ἄν
1331 3553 1381 3604 τις

222 3640 360 3728 μάλιστα
380 3644 567 3725 συγγράψας
589 3638 733 3724 πέμψειε.
754 3639 895 3707 Rectene
917 3640 1068 3708 Reiskius
1089 3634 1158 3705 οἶόν
1182 3663 1216 3704 τε
1243 3638 1381 3727 explieat

228 3772 283 3838 ,er
313 3749 387 3816 dari
414 3770 448 3816 es
477 3747 566 3814 nieht
598 3747 759 3816 wissen”i
789 3748 882 3815 Certe
914 3749 943 3814 is
972 3770 1082 3815 sensus
1113 3747 1167 3814 hie
1187 3746 1381 3836 requiritur,

226 3859 282 3927 sed
301 3863 411 3924 temen
431 3857 500 3944 ejus
522 3877 598 3924 usus
616 3855 800 3945 exemplum
822 3879 907 3924 nune
927 3878 991 3923 non
1014 3856 1146 3946 reperio.

269 3969 289 4053 ξ
311 3967 364 4033 54.
386 3965 403 4029 ὅ
427 3989 471 4042 ,τι
503 3967 562 4048 μὲν
590 3965 711 4050 μακρὸν
734 3965 783 4048 sin
804 3970 934 4049 πρᾶγμα
955 3967 1048 4031 τοῦτο
1069 3967 1128 4049 μὲν
1147 3968 1192 4032 ἄν
1214 3988 1263 4041 τις
1281 3963 1384 4046 α’ναγ·

233 4077 366 4161 narret}
405 4079 527 4159 γράψαι
568 4078 624 4139 τοῦ
663 4076 705 4157 μη
738 4070 1000 4157 διαμνημονεύειν
1032 4075 1090 4140 τὸν
1123 4071 1380 4154 ἀπαγγέλλοντα.

233 4184 354 4263 Quidni
386 4182 625 4264 ἀναγκασθείη.
641 4231 649 4248 .
663 4225 696 4246 ..
728 4185 773 4266 τῷ
809 4188 850 4265 μή
875 4181 1168 4266 διαμνημονεύεινὲ
1187 4181 1273 4250 Nam
1295 4182 1383 4270 geni-

229 4295 318 4362 tivus
341 4292 464 4360 eonsiiii
485 4290 709 4390 Thneydideus
729 4292 794 4360 hue
813 4290 919 4358 afferri
938 4312 1002 4357 non
1023 4296 1134 4380 potest.

221 4462 305 4530 μερίς
329 4459 377 4528 ἴση
401 4461 427 4512 et
450 4461 528 4529 μερίς
544 4461 690 4528 κρείσσων,
705 4446 856 4529 quamquem
872 4461 903 4515 de
919 4463 1042 4514 sententis
1058 4461 1168 4526 uersat,
1185 4459 1300 4516 dubitare
1315 4461 1392 4518 lieet.

218 4548 277 4602 fleri
302 4548 369 4602 enim
393 4548 476 4615 poert
500 4549 530 4600 ut
552 4547 665 4614 Antipho
681 4548 811 4615 stripserit
828 4550 879 4610 μία
896 4550 972 4617 μερίς
987 4550 1014 4600 et
1030 4547 1084 4600 di·
1101 4548 1227 4617 μερίδνς.
1241 4547 1280 4602 De
1295 4549 1393 4618 νίψω·

220 4637 317 4692 udone
331 4633 402 4690 serbi
417 4636 495 4704 μερίς
511 4635 542 4690 ct
558 4635 630 4690 Dan.
644 4635 707 4694 iiid.
722 4637 772 4690 eti
787 4638 814 4690 at
829 4637 886 4691 674.
