3102 5310
752 471 771 534 7

227 667 245 750 5
278 667 320 732 25
353 665 415 744 ἐγὼ
450 663 497 729 ἔτι
532 663 707 748 ἐπεδήμουν
741 665 764 731 i.
798 685 844 733 e:
880 664 1021 731 nondum
1043 685 1085 730 ex
1104 663 1209 730 insula
1229 663 1332 732 Lesbo

182 772 311 840 Aenum
328 773 486 861 profectus
506 765 604 840 eram.

226 881 270 948 ib.
307 881 435 965 „Quum
465 882 632 948 etiamtum
654 880 860 969 Methymnae
881 903 1001 968 essem,
1023 901 1117 947 nemo
1136 901 1189 946 me
1210 878 1244 945 in
1265 901 1331 944 sus-

182 988 339 1078 picionem
361 991 493 1056 vocabat
516 989 576 1074 ἤδη
600 989 806 1072 πεπυσμένων
828 992 947 1056 τούτων
969 993 1028 1073 τὴν
1051 986 1225 1070 ἀμμελίαν”
1249 988 1330 1054 i.e.:

181 1114 282 1185 quum
303 1099 389 1164 fama
409 1098 513 1164 caedis
529 1099 600 1185 jam
621 1098 798 1186 Mytilenen
817 1099 1021 1186 pervenisset.

226 1207 384 1274 Narratur
403 1207 474 1292 §29
496 1207 532 1271 τὸ
555 1204 668 1272 πλοῖον
687 1209 723 1272 τὸ
746 1205 939 1287 ἀστέμαστον
959 1208 1147 1295 Methymna
1156 1206 1332 1295 Mytilenen

184 1316 369 1400 revertisse,
397 1321 430 1381 et
451 1336 493 1381 ex
513 1317 532 1400 ς
553 1337 599 1403 sq.
621 1320 751 1403 apparet
774 1317 870 1382 simul
893 1338 967 1383 cum
988 1337 1026 1383 ea
1047 1316 1139 1400 navi,
1162 1320 1217 1381 aut
1236 1316 1330 1403 paulo

182 1428 253 1512 post
285 1431 455 1510 atrumque
489 1425 544 1490 τὸν
574 1422 816 1511 βασανισθέντα
849 1424 996 1490 adfuisse.
1031 1423 1190 1490 Neutrum
1223 1429 1330 1489 autem

182 1551 256 1598 cum
287 1553 341 1598 reo
369 1532 499 1599 Aenum
517 1532 714 1619 reviguere,
737 1533 763 1596 si
784 1531 819 1598 id
841 1532 936 1598 etiam
958 1552 1144 1618 cognoscere
1164 1552 1242 1619 opus
1266 1536 1329 1616 est,

181 1661 199 1707 e
229 1642 266 1726 ἕξ
299 1644 428 1708 52-56
462 1641 688 1728 cognoscimus.
719 1639 844 1706 Deinde
877 1641 896 1724 5
928 1642 971 1706 42
1003 1639 1155 1727 legimus:
1190 1629 1332 1723 όὲτερος

180 1745 275 1833 (liber
305 1750 402 1816 homo
423 1755 489 1833 est,
512 1747 552 1814 de
574 1769 637 1836 quo
657 1748 810 1834 loquitur)
832 1747 852 1810 ό
872 1748 906 1811 ἐν
931 1751 976 1831 τῷ
995 1745 1082 1830 αὐτῷ
1104 1744 1206 1830 πλοίῳ
1227 1745 1331 1812 πλέων

180 1859 235 1920 καὶ
269 1857 383 1942 παρὼν
417 1855 471 1921 διά
503 1853 614 1930 τέλους
646 1835 700 1918 καλ
729 1857 836 1920 συνὼν
857 1878 928 1938 μοι,
952 1854 987 1920 in
1008 1854 1124 1943 quibus
1146 1854 1200 1920 διά
1221 1853 1331 1932 τέλους

180 1965 353 2053 significat:
385 1985 486 2052 usque
517 1963 558 2030 ad
590 1963 624 2029 id
654 1969 780 2050 tempus
812 1984 874 2050 quo
904 1983 963 2049 ego
998 1962 1127 2030 Aenum
1149 1964 1221 2030 vela
1240 1965 1331 2049 dedi;

180 2075 261 2142 alter
287 2095 363 2161 ergo
393 2074 529 2158 (servus)
563 2092 627 2137 non
649 2091 773 2160 semper
795 2092 868 2136 cum
889 2091 942 2136 reo
963 2071 1034 2138 fuit.
1069 2071 1108 2138 Id
1127 2093 1185 2160 ego
1207 2072 1254 2138 ita
1274 2094 1330 2139 ex·

127 2251 131 2262 ,
180 2183 263 2272 plico
293 2187 330 2248 ut
351 2185 368 2243 ό
391 2178 555 2264 ἐλεύθερος
577 2187 622 2262 τῷ
644 2176 745 2264 πλοίῳ
766 2183 812 2262 τῷ
836 2169 1015 2262 desereire
1036 2179 1166 2245 domum
1187 2179 1332 2265 redierit,

180 2309 290 2357 servus
319 2295 427 2356 autem
459 2290 552 2355 idem
579 2288 620 2354 sit
654 2308 749 2376 quem
782 2288 801 2373 ξ
835 2288 1331 2374 241egimuscaedisnuntium

180 2399 356 2486 Mytilenen
396 2399 529 2464 missum
562 2418 629 2462 esse
651 2397 692 2482 *).
728 2395 833 2472 Quam
867 2396 1047 2484 opinionem
1079 2400 1111 2462 et
1142 2398 1331 2464 vocabulum

181 2513 346 2591 μηνυτην,
370 2528 433 2594 quo
454 2507 500 2571 ibi
522 2506 699 2594 appellatur
721 2506 896 2571 confirmet.

222 2616 318 2683 Nune
339 2620 439 2681 tetum
462 2614 635 2680 orationem
658 2614 698 2681 ab
719 2613 811 2679 initio
834 2612 875 2679 ad
897 2613 994 2678 finem
1014 2632 1205 2700 percurram.

223 2725 294 2808 53.
319 2722 500 2810 Legebatur
524 2718 638 2786 πολλοὶ
660 2723 719 2804 μὲν
741 2723 800 2805 γὰρ
823 2719 883 2804 ἤδη
902 2717 1332 2802 σῶνούδυναμένωνλὲμειν

177 2835 306 2896 ἄπιστοι
338 2835 500 2914 γενόμενοι
534 2835 579 2913 τῷ
613 2826 803 2913 ἀληθεύειν,
839 2828 927 2914 αὐτῷ
959 2832 1060 2910 τούτῳ
1082 2826 1272 2909 ἀπώλοντο,
1296 2828 1333 2893 οὐ

178 2937 350 3022 δυνάμενοι
385 2935 523 3022 δηλῶσαι
559 2937 662 3007 αὐτόν,
699 2935 812 3001 πολλοὶ
844 2936 878 3003 δὲ
902 2942 966 3004 τῶν
990 2937 1204 3026 (δυναμένων)
1227 2936 1330 3018 λέγειν

178 3052 283 3113 πιστοὶ
306 3050 468 3131 γενόμενοι
490 3051 535 3130 τῷ
557 3045 735 3132 ψεύδεσθαι
755 3049 856 3131 τούτῳ
869 3047 1037 3131 ἐσώθησαν
1050 3046 1131 3113 διότι
1145 3049 1330 3132 ἐψεύσαντο.

177 3156 231 3223 le
262 3156 312 3222 his
345 3155 557 3223 Jemstedtius
589 3155 772 3222 Dobraeum
806 3162 932 3222 secutus
956 3156 1074 3222 delerit
1098 3156 1135 3220 οὐ
1159 3155 1330 3238 δυνάμενοι

178 3263 317 3348 δηλῶσαι
352 3264 434 3328 αὐτά
467 3269 500 3330 et
536 3261 617 3326 διότι
652 3264 849 3347 ἐψεύσαντο,
888 3270 984 3331 etex
1007 3264 1196 3331 correctione
1217 3264 1330 3330 codicis

178 3373 357 3463 Orippsiani
375 3371 497 3437 addidit
515 3369 712 3453 δυναμένων.
734 3372 893 3460 Equidem
905 3372 997 3439 credo
1009 3372 1176 3440 sciolorum
1188 3371 1329 3438 studium

179 3484 341 3570 aliquanto
373 3481 470 3546 latius
503 3500 571 3545 esse
598 3485 792 3566 grassatum3
815 3479 990 3546 absurdum
1013 3481 1098 3547 enim
1122 3486 1169 3547 est
1190 3481 1328 3570 aliquem

176 3597 312 3656 ἄπιστον
346 3586 498 3668 γενέσθαι
520 3594 564 3670 τῷ
587 3584 775 3670 ἀληθεύειν,
800 3587 852 3654 vel
873 3593 919 3671 τῷ
942 3585 1113 3672 ἀληθεύειν
1136 3587 1325 3666 ἀπολέσθαι,
1363 3628 1366 3634 v

170 3860 230 3914 hsce
253 3862 314 3912 snut
337 3858 412 3913 rerba
437 3873 462 3925 p.
487 3859 548 3910 δῦθι
566 3857 628 3924 ,Βία
640 3856 861 3924 Buudesgenossen
876 3871 957 3909 namn
973 3874 1020 3910 aur
1037 3859 1092 3911 leit
1109 3859 1153 3912 der
1166 3861 1335 3916 Athenischen

171 3945 404 3999 lieersshsrrschaft
420 3959 588 4012 geawnngen,
605 3943 660 3995 ihre
677 3941 871 4006 Recidit-ndei,
889 3943 983 3996 sowohl
999 3945 1218 4012 inPrivatsaclrsu‚
1231 3950 1335 4016 wenigs·

170 4033 225 4084 teus
241 4046 311 4083 wcnn
326 4033 363 4084 sie
379 4031 442 4083 dber
458 4032 512 4082 eine
528 4032 633 4097 gerim
649 4031 749 4082 Summe
764 4030 961 4098 manegium,
979 4032 1018 4084 uls
1035 4034 1061 4083 in
1078 4033 1333 4087 dffentlichenflacheu

169 4119 197 4172 in
219 4118 303 4170 Athen
328 4134 360 4170 an
384 4117 483 4170 fflhren.
508 4117 565 4168 Nur
589 4117 629 4170 die
655 4117 792 4184 vorllnflge
815 4116 1012 4186 Untersuchnng
1035 4120 1062 4169 in
1085 4117 1186 4170 solchsn
1202 4120 1333 4173 Prooesseu

169 4204 260 4256 lucente
283 4205 311 4255 iu
335 4203 390 4255 dem
407 4204 490 4256 fltaate
506 4202 586 4254 selbot
602 4203 706 4270 gesdhrt
722 4203 835 4267 werden,
852 4203 908 4256 dem
923 4204 964 4257 die
980 4206 1094 4258 Parteien
1110 4206 1274 4274 angelitica,
1291 4205 1331 4258 die

168 4287 351 4357 Entschdding
374 4290 432 4340 kem
455 4288 510 4339 dem
534 4288 694 4341 athenischen
718 4289 889 4342 derichtshofe
914 4306 962 4356 au,
988 4290 1039 4343 und
1062 4290 1162 4344 dorthin
1177 4292 1230 4344 also
1245 4292 1330 4345 warde

168 4375 213 4428 der
228 4376 349 4442 Belslagte
364 4374 535 4444 vorgeladcn.”

202 4462 229 4529 ἱ*)
254 4463 327 4515 Nihil
350 4464 400 4516 hue
424 4463 484 4514 iacit
507 4466 556 4512 τὸν
581 4461 688 4524 πρόσθε
716 4461 838 4526 χρόνον,
862 4478 919 4514 nam
936 4477 964 4515 co
981 4465 1079 4530 tempus
1096 4465 1232 4531 significari
1247 4467 1330 4531 potest

168 4548 233 4614 qaod
250 4551 392 4602 intercessit
408 4551 475 4601 inter
489 4550 657 4614 quaestionem
675 4548 784 4601 habitam
802 4549 831 4601 de
848 4549 927 4602 libero
943 4553 969 4601 et
985 4550 1015 4601 de
1032 4565 1110 4604 servo.
