3102 5310
733 517 772 581 31

173 715 264 795 παρὰ
292 715 355 778 τῶν
385 712 472 776 θεῶν
496 712 549 772 καὶ
572 712 637 774 τῶν
658 715 823 794 προγόνων
848 709 1068 796 διαδεξάμενοι
1091 719 1174 780 κατὰ
1194 717 1230 782 τὸ
1252 717 1329 782 αὐτὸ

174 823 305 897 ἐκείνοις
337 823 408 904 περὶ
442 823 496 892 τῆς
528 818 771 901 καταψηφίσεοος
798 817 951 896 δικάζετε.
976 821 1166 911 Corruptum
1189 832 1236 892 est
1258 831 1329 910 περὶ

171 937 229 1012 τῆς
251 928 506 1013 ιιαταιμηφίσεως.
530 927 580 992 De
602 933 788 1013 argumento
811 928 849 993 ef.
874 929 906 995 V
929 931 947 1014 ξ
973 933 1021 996 14.

217 1043 236 1125 ἓ
258 1043 288 1106 6.
311 1041 344 1103 ἐν
369 1032 416 1112 οἷς
438 1033 468 1101 δ’
491 1035 547 1100 οὐκ
568 1029 607 1117 ἦν
630 1033 795 1100 πυθέσθαι
808 1034 894 1102 τοῦτ’
908 1037 985 1106 αὐτὸ
997 1039 1221 1126 προύθομηθη.
1233 1043 1326 1110 Reie-

171 1149 249 1216 kius
280 1147 320 1214 ad
354 1152 429 1212 τοῦτ
462 1143 540 1210 αὐτό
570 1135 720 1211 annotatt
744 1147 780 1208 τὸ
804 1143 990 1226 ποθέσθαι,,·
1013 1149 1067 1214 sed
1089 1151 1116 1216 si
1139 1151 1216 1238 quid
1237 1153 1330 1218 video

174 1257 346 1344 legendum
368 1263 415 1323 est
437 1253 525 1322 ταῦτ’
550 1253 632 1320 αὐτὰ
656 1254 894 1340 προύθνμήθηε
917 1279 992 1323 nam
1014 1259 1047 1324 id
1068 1260 1173 1348 ipsum
1196 1261 1265 1327 fieri
1276 1283 1330 1329 vo·

173 1367 280 1451 lebat,
304 1389 370 1454 qne
389 1367 470 1432 seete
493 1387 542 1431 ree
564 1364 731 1432 manifeste
752 1365 821 1432 fieri
843 1387 908 1432 non
929 1372 1060 1454 poterat.
1085 1390 1115 1434 v.
1139 1371 1157 1454 ξ
1177 1372 1267 1456 ὃοσξ
1281 1373 1332 1437 13.

221 1477 309 1552 Quae
332 1481 509 1562 sequuntur
531 1475 635 1539 καίτοι
659 1473 736 1538 αὐτὸ
759 1479 850 1540 τοῦτο
875 1475 967 1560 εἠρῆν
991 1475 1008 1538 ὅ
1032 1479 1085 1538 ναὶ
1109 1477 1171 1556 ε’γὼ
1195 1478 1333 1562 πρσύνα·

176 1583 295 1669 λούμην
331 1591 585 1670 προθυμηθῆναι
618 1584 701 1658 ὅπως
730 1584 766 1648 τὸ
794 1585 942 1668 πραχθὲν
963 1579 983 1670 ᾗ
1006 1581 1129 1666 ἀληθὲς
1149 1583 1332 1662 ἐπεξελθεῖν

174 1715 240 1760 non
263 1717 327 1762 uno
349 1695 478 1760 nomine
502 1697 649 1781 corrupta
670 1697 764 1776 eunt3
786 1693 915 1779 prinum
936 1691 1014 1756 αὐτὸ
1036 1700 1126 1759 τοῦτο
1148 1694 1332 1760 hienullem

176 1805 244 1870 vim
269 1804 386 1888 habet,
410 1825 484 1868 nem
506 1824 569 1889 quo
591 1823 684 1868 sensu
706 1808 797 1868 τοῦτο
821 1801 898 1866 αὐτό
920 1801 1043 1866 dicetur
1063 1803 1183 1890 optime
1205 1803 1333 1869 demon·

175 1917 276 1978 strant
298 1912 395 1979 verba
416 1912 561 2000 proxime
582 1910 801 1998 praecedentia
822 1916 854 1976 et
876 1910 918 1994 V,
942 1913 979 1976 3:
1002 1911 1194 1999 inexpeetnti
1213 1911 1334 1998 aliquid

176 2020 351 2106 signifieat3
374 2019 488 2085 deinde
510 2018 640 2085 offendit
659 2019 809 2086 iteratum
831 2025 1083 2102 προθυμηθῆναι
1093 2045 1104 2098 ,·
1116 2025 1186 2085 tum
1198 2020 1334 2086 absurde

179 2127 300 2194 dietum
322 2133 369 2194 est
390 2129 472 2202 ὅπως
495 2129 530 2191 τὸ
552 2129 699 2213 πραχθὲν
715 2124 740 2214 ᾖ
763 2123 901 2209 ἀληθέες
926 2149 1000 2192 nem
1024 2128 1109 2215 quod
1131 2129 1247 2214 aliquis
1257 2128 1335 2194 dicit

175 2236 228 2302 vel
249 2237 344 2302 alicui
366 2236 475 2322 objicit
496 2237 548 2302 vel
570 2257 682 2302 verum
703 2256 770 2302 esee
790 2240 893 2322 potest
915 2237 967 2301 vel
982 2236 1115 2320 falsum,
1138 2239 1174 2300 τὸ
1185 2234 1332 2321 πραχθέν

176 2367 300 2433 sempen
320 2351 367 2410 eet
389 2342 527 2429 α’ληθές;
548 2350 705 2433 postremo
727 2345 878 2410 molestus
890 2344 1126 2410 estinfinitivue
1138 2343 1331 2420 ἐπεξελθεῖν.

176 2451 363 2518 Emendatio
395 2453 468 2519 talis
499 2453 680 2540 requin‘tur,
716 2458 752 2517 ut
784 2452 897 2518 evadat
928 2453 1099 2538 sententie,
1123 2454 1226 2540 qualis
1249 2452 1333 2541 apud

177 2559 425 2628 Demosthenem
458 2561 575 2648 legitur
609 2558 680 2625 κατ’
713 2558 951 2645 Ἀνδροτίωνος
983 2584 1015 2648 p.
1047 2563 1132 2627 600:
1164 2561 1253 2627 αἰτία
1274 2562 1332 2644 μὲν

175 2674 235 2752 γάρ
259 2670 358 2743 ἐστιν,
381 2669 461 2736 ὅταν
479 2695 527 2745 τις
549 2666 637 2755 ψιλῷ
660 2674 849 2756 χρησάμενος
872 2668 954 2752 λόγῳ
974 2673 1015 2751 μὴ
1039 2673 1238 2757 παράσχηται
1261 2670 1332 2734 πίσ·

173 2802 227 2843 τιν
262 2764 307 2844 ὧν
344 2776 438 2858 λέγει,
477 2777 602 2864 ἔλεγχος
637 2777 671 2843 δὲ
703 2779 782 2844 ὅταν
816 2765 862 2844 ὧν
883 2781 925 2843 ἂν
949 2778 1021 2864 εἴπη
1044 2804 1093 2853 τις
1116 2783 1170 2844 καὶ
1193 2776 1334 2861 τοῖληθὲξ

171 2887 249 2970 ὁμσῦ
270 2885 369 2974 ὃείξη.
1069 2893 1070 2896 ’

217 2997 236 3080 5
261 2997 310 3062 10.
335 2993 378 3059 δι’
401 2987 456 3060 οὖν
476 3000 576 3060 ταῦτα
590 2994 650 3075 ἐγὼ
662 2998 803 3083 βάσανον
815 2995 966 3077 τοιαιάτην
977 2993 1120 3078 ἠθέλησα
1131 3001 1329 3078 ποιήσασθαι

170 3107 244 3187 περὶ
268 3103 375 3169 αὐτῶν
398 3107 463 3168 ιιτὲ.
488 3108 610 3170 rectum
628 3125 695 3169 esee
716 3126 779 3170 non
800 3109 922 3193 potest,
944 3125 1019 3169 nem
1039 3104 1229 3191 praecedens
1240 3111 1332 3171 τοῦτο

174 3214 233 3293 μὲν
265 3213 296 3296 (ξ
330 3215 349 3278 9
385 3211 432 3297 in)
466 3212 510 3277 sie
542 3233 606 3277 non
636 3211 766 3278 hebebit
799 3234 894 3278 suum
917 3219 1009 3276 τοῦτο
1033 3209 1091 3286 δέ,
1117 3217 1148 3277 et
1172 3218 1333 3281 aecusator

177 3319 258 3386 duos
291 3318 462 3404 quaerendi
493 3319 603 3385 modos
632 3321 837 3408 proposuer'at
870 3322 901 3406 (ξ
937 3322 979 3405 1.)
1014 3319 1203 3406 Legendum
1235 3342 1331 3408 ergo:

176 3423 326 3494 τοῦτοδὲ
349 3430 501 3510 τοιαύτην
526 3427 587 3507 ἐγὼ
610 3429 751 3514 βάσανον
768 3425 916 3512 ,ἠθέλησα
939 3433 1157 3509 ποιήσασθαι,
1183 3434 1239 3495 aut
1259 3435 1334 3496 ente

177 3541 305 3620 γράψαι·
326 3535 530 3610 inserendum
553 3541 600 3603 eet
622 3539 713 3603 τοῦτο
736 3535 770 3601 σε·
793 3542 827 3604 et
848 3559 921 3604 eum
944 3537 1050 3604 codiee
1072 3535 1257 3625 Orippeieno
1277 3536 1331 3603 de-

172 3645 305 3710 lendum
325 3648 487 3727 τοιαύτην.

220 3751 407 3840 μετέρχομαι
430 3754 485 3819 τὸν
507 3753 607 3836 φονέα
628 3758 683 3818 τοῦ
705 3757 886 3839 πατρός,-θσ
896 3775 973 3822 mox
984 3753 1136 3837 ἐπεξίοιμι
1148 3757 1202 3820 τοῦ
1213 3756 1331 3840 πατρὸς

175 3865 232 3932 τὸν
268 3860 381 3946 φονέα.
414 3861 457 3928 Et
488 3862 573 3950 quod
607 3863 647 3929 ed
669 3884 757 3949 rem,
779 3869 813 3930 et
834 3863 917 3952 quod
940 3863 1173 3930 addictionem
1195 3862 1330 3948 attinet,

177 3971 292 4040 melius
313 3972 374 4038 erit
386 3974 451 4036 τὸν
475 3975 652 4054 φόνον·τοῦ
672 3973 800 4056 πατρός.

219 4085 385 4163 τεκμήριον
419 4078 554 4147 δίκαιον.
586 4079 660 4146 Non
681 4080 799 4170 inj31ria
819 4078 970 4146 Reiekiue
992 4084 1143 4147 annotet:
1169 4077 1328 4163 „offendor

176 4188 321 4254 nonnihil
342 4189 509 4254 insolentie
530 4188 706 4254 dictionie'’.

218 4293 291 4360 ἀλλ’
314 4293 435 4380 ἐξήρκει
456 4321 509 4381 μοι
530 4303 596 4373 τοῖς
617 4299 651 4364 ἐν
670 4300 715 4382 τῷ
727 4297 928 4382 γραμματείῳ
940 4301 1075 4384 χρῆσθαι
1090 4317 1150 4380 „se
1164 4296 1326 4370 τούτονς”.

173 4403 335 4472 Reiskiue.

219 4518 247 4578 εἰ
279 4513 309 4578 d'
331 4519 470 4601 ἄπαρνον
503 4515 666 4596 γίγνοιντο
699 4513 716 4589 ἢ
752 4513 874 4595 λέγοιεν
903 4519 945 4600 μὴ
967 4511 1200 4595 ὁμολογούμενα
1223 4561 1231 4577 .
1256 4561 1265 4579 .
1288 4560 1328 4579 ..

177 4621 349 4704 ἀναγκάζει
382 4629 422 4690 τὰ
455 4628 608 4705 γεγονότα
641 4630 837 4711 κατηγορεῖν.
858 4623 1045 4692 Reiskiana
1074 4622 1170 4688 editio
1192 4620 1330 4706 habetet
