3102 5310
795 488 815 550 6

230 705 369 771 namque
400 687 447 748 est
479 686 585 746 noster
615 685 720 746 orator
740 699 817 768 prae
838 679 949 745 ceteris
971 678 1012 745 ad
1035 681 1117 746 bene
1140 677 1383 766 intelligendum

231 791 453 858 difficillimus:
482 790 539 855 vix
569 810 669 854 unum
698 790 836 876 reperias
856 787 955 853 alium
977 789 1160 876 scriptorem
1182 787 1382 876 pedestrem,

230 901 264 966 in
301 922 364 987 quo
395 899 529 987 legendo
560 905 626 965 tam
660 919 753 986 saepe
772 899 912 964 haereas.
937 897 1030 973 Quod
1052 899 1169 987 partim
1192 899 1312 964 iactnm
1335 906 1383 965 est

229 1013 337 1074 textus
370 1008 565 1094 conditione,
597 1021 672 1098 nam
693 1006 815 1072 codices
836 1028 914 1094 quos
934 1007 1109 1091 habemns,
1132 1007 1278 1094 quamvis
1299 1006 1381 1073 alius

230 1117 285 1183 alii
319 1121 477 1205 praestet,
508 1101 616 1186 tanen
639 1123 759 1180 'omnes
792 1118 866 1179 sunt
894 1115 1082 1181 recentiores
1103 1117 1135 1180 et
1156 1115 1243 1181 omni
1264 1135 1381 1202 genere

229 1226 379 1292 vitiorum
395 1223 569 1313 inquinati,
592 1223 708 1311 partim
726 1223 787 1311 ipsi
808 1223 951 1310 scriptori
973 1229 1021 1290 est
1040 1217 1262 1311 inputandam.
1284 1222 1379 1290 Anti·

229 1336 315 1424 phon
347 1335 433 1401 enim
466 1355 540 1400 rere
572 1331 635 1398 diei
666 1337 768 1420 potest
799 1333 952 1398 sermonis
975 1330 1077 1398 Attici
1097 1331 1251 1419 pedestris
1268 1337 1379 1419 pater:

227 1443 347 1510 habent
379 1464 454 1530 ergo
486 1443 554 1529 ejus
585 1442 741 1507 orationes
776 1440 855 1507 rude
886 1440 1008 1528 aliquid
1028 1445 1061 1506 et
1081 1440 1238 1506 incultum
1259 1442 1380 1529 priscae

228 1550 496 1639 Antiquitatis*):
518 1570 582 1615 non
605 1548 708 1615 solum
727 1569 819 1636 saepe
840 1548 1001 1615 vocabulis
1012 1553 1044 1614 et
1053 1547 1265 1614 locutionibus
1276 1549 1378 1614 utitur

230 1658 502 1742 insolentioribus,
525 1656 583 1722 sed
603 1657 788 1745 praesertim
810 1662 1070 1743 argumentorum
1093 1677 1196 1722 nexus
1217 1657 1379 1725 interdum

224 1775 272 1836 est
302 1767 521 1834 subobscurus.
550 1765 623 1831 Non
645 1786 720 1852 ergo
741 1785 852 1830 vereor
871 1785 912 1830 ne
933 1765 1005 1852 quis
1026 1764 1144 1852 ubique
1165 1783 1186 1830 a
1205 1786 1258 1831 me
1278 1770 1378 1831 cedas

225 1879 334 1965 exigat
362 1875 613 1943 emendationes:
648 1874 675 1939 si
708 1864 941 1940 ohservationes
969 1893 1060 1940 meae
1080 1871 1115 1938 id
1136 1871 1319 1958 effecerint,
1341 1879 1378 1939 ut

227 1988 385 2069 locorum,
415 1983 449 2049 in
472 1983 588 2070 quibus
610 2003 669 2068 ego
689 1981 795 2065 haesi,
818 1981 873 2047 alii
896 1980 1375 2069 aliquando,amedediffieul·

224 2101 290 2161 tate
323 2091 500 2176 admoniti,
537 2090 588 2157 vel
610 2112 700 2156 veras
723 2089 949 2176 correctiones,
972 2088 1023 2156 vel
1045 2087 1269 2177 explicationes
1290 2090 1377 2157 haud

229 2202 342 2269 dubias
374 2200 526 2285 efferant,
549 2200 575 2265 si
597 2198 718 2264 idoneis
733 2196 897 2285 judicibus
915 2197 1046 2265 videbor
1068 2196 1180 2281 καίπερ
1203 2196 1239 2261 οὐ
1263 2195 1372 2285 λαβὼν

229 2315 288 2392 τὴν
307 2307 464 2392 ἀλήθειαν
482 2313 590 2373 tamen
607 2311 734 2372 strenue
751 2311 783 2371 et
799 2305 969 2392 diligenter
986 2304 1098 2382 διῶξαι
1110 2307 1137 2370 εἰ
1149 2303 1372 2394 καταλάβοιμι,

226 2441 290 2487 non
311 2437 439 2508 prorsus
457 2437 584 2505 operam
605 2436 659 2482 me
678 2412 853 2503 perdidisse
872 2414 975 2481 laetus
995 2431 1173 2502 agnoscam,

667 2699 912 2712 w

781 2891 808 2958 Ι.

263 3088 398 3156 Initium
425 3089 539 3156 faciam
569 3087 611 3155 ab
640 3087 780 3156 oratione
801 3088 840 3155 da
863 3089 957 3156 caede
978 3089 1138 3177 Herodis,
1160 3092 1311 3179 quoniam
1333 3111 1372 3156 ea

219 3200 289 3286 jure
320 3197 404 3265 inter
435 3197 669 3285 Antiphonteas
700 3218 823 3285 semper
845 3197 987 3265 maxime
1009 3204 1057 3265 est
1080 3197 1229 3288 laudata,
1252 3207 1285 3268 et
1304 3201 1369 3290 pri·

219 3328 310 3372 mum
332 3306 486 3373 nonnulla
506 3305 546 3371 de
567 3305 699 3371 historia
721 3305 854 3392 hujusce
876 3327 989 3372 musae
1013 3305 1179 3375 annotabo.

264 3414 339 3482 Jam
370 3415 549 3482 observarit
579 3413 779 3511 Maetnnerns
807 3414 1016 3503 hypotheseos
1045 3416 1211 3506 sciptorem
1239 3420 1318 3487 falso
1339 3427 1372 3488 et

220 3524 366 3611 imperite
389 3524 548 3611 scripsisse
569 3519 793 3606 Μυτιληναῖος
816 3523 896 3607 ἀνὴρ
921 3521 955 3598 ἐξ
976 3521 1151 3608 Ἀθηνῶν.
1174 3526 1262 3594 Reus
1283 3528 1369 3596 enim

221 3637 255 3697 et
285 3637 480 3699 accusatores
512 3631 698 3720 Mytilenaei
731 3637 805 3697 sunt
837 3637 869 3698 et
889 3631 1062 3720 Mytilenae
1082 3634 1292 3722 habitant†),
1314 3637 1369 3704 sed

220 3760 314 3805 eausa
345 3739 453 3826 agitur
484 3738 638 3824 Athenis3
671 3745 780 3806 eontra
811 3740 984 3829 Mytilenae
1016 3742 1123 3808 omnia
1156 3749 1245 3831 gesta
1274 3750 1369 3831 sunt,

220 3869 302 3936 quae
322 3847 427 3936 ipsum
442 3846 601 3934 judicium
623 3847 832 3935 praecedunt:
854 3849 900 3915 ibi
927 3851 1125 3937 quaestiones
1145 3851 1273 3920 habitae
1295 3860 1369 3921 sunt

220 3955 261 4022 de
284 3955 434 4041 testibus,
456 3954 503 4021 ibi
525 3956 700 4043 conquisita
721 3962 795 4022 sunt
817 3956 935 4024 indicia
956 3963 989 4024 et
1009 3959 1151 4046 signafi).

246 4144 274 4210 l)
300 4144 362 4198 Gan
395 4143 540 4212 Thucydide
566 4145 626 4213 jure
649 4161 706 4199 aum
730 4147 807 4200 multi
827 4150 1044 4215 comparaverant,
1069 4147 1121 4203 vld.
1145 4150 1373 4236 Mastarense

208 4231 285 4386 prag·
300 4234 370 4386 Ιἔιὲο
394 4333 435 4370 aas
461 4321 604 4388 χορηγίας,
620 4335 682 4387 quas
698 4322 713 4384 5
731 4321 763 4372 ’Π
778 4334 836 4373 raas
852 4319 914 4374 dicit
929 4322 1025 4388 patrem
1039 4337 1114 4376 sunm
1130 4330 1297 4393 χοριῃῆσαι,
1315 4325 1374 4380 urbi

211 4404 346 4472 Mytilenae
362 4407 496 4472 praestitit.

245 4489 272 4556 §l
294 4489 333 4542 Eo
357 4491 484 4545 Mamuda
505 4495 545 4545 est
559 4495 671 4560 quaestio
686 4492 716 4546 de
732 4493 830 4546 homins
845 4493 925 4547 libere
939 4494 1040 4555 habita.
1056 4499 1087 4549 nt
1100 4499 1167 4550 racto
1181 4498 1296 4552 obsamt
1310 4500 1373 4552 Her·

214 4575 349 4630 ramanus.
374 4578 461 4631 'lotam
485 4594 538 4633 ram
554 4579 702 4647 jamdudum
719 4581 875 4634 confecerant
890 4581 998 4634 Maiores
1013 4585 1039 4634 et
1054 4583 1251 4649 Sehosmannns,
1266 4602 1373 4653 quornm
