3102 5310
780 509 822 572 32

228 699 302 784 δίκη
342 699 537 781 ἀναγκάζον,
582 701 666 790 qnod
698 700 855 790 explicat:
891 701 1133 788 „magistratus,
1169 697 1378 764 undecimviri

229 831 335 875 rernm
358 809 573 896 capitalium',
595 809 650 876 sed
672 810 756 876 unde
777 815 798 893 η’
817 808 890 894 δίκη
912 809 1167 898 smnpseritnon
1190 807 1356 894 significat.

269 919 288 1002 ξ
314 920 364 983 11.
389 918 478 984 Num
499 923 583 985 recte
603 915 812 1003 οἰπηγνέλθηὲ

271 1027 375 1092 καίτοι
399 1019 432 1091 εὖ
458 1025 531 1091 οἶδά
551 1026 583 1107 γ’
606 1030 633 1092 εἰ
654 1015 739 1092 οὗτοι
762 1027 837 1112 πρὸς
861 1028 912 1110 ἐμὲ
936 1024 1104 1102 ἐλθόντες,
1130 1021 1237 1105 ἐπειδὴ
1260 1026 1380 1109 τάχιστ’

231 1132 339 1210 αὐτοῖς
369 1133 559 1220 ἀπηγγέλθη
581 1135 625 1222 (Ρ)
647 1137 696 1201 ὅτι
720 1135 871 1217 ἐπεξίοιμι
894 1135 1087 1219 τοῦπατρὸς
1110 1133 1166 1198 τὸν
1188 1128 1288 1212 φονέα
1312 1129 1382 1217 (Β),

233 1241 392 1328 ἠθέλησαν
416 1246 456 1309 τὰ
479 1242 665 1328 ἀνδράποδον
686 1233 708 1308 ολ
730 1239 770 1326 ἦν
796 1244 928 1318 ἐκείνοις
949 1239 1172 1326 παραδοῦναι,
1197 1238 1259 1320 ἐγὼ
1282 1237 1317 1303 δὲ
1339 1241 1381 1324 μὴ

230 1350 373 1436 ἠθέλησα
384 1350 582 1439 παραλαβεῖν
595 1402 605 1433 ,
618 1351 701 1417 αὐτὰ
711 1355 753 1418 ἂν
765 1357 866 1418 ταῦτα
876 1349 1008 1435 μέγιστα
1020 1355 1169 1434 τεκμήριον
1179 1348 1381 1434 παρείχοντο,

231 1463 274 1538 ὥς
309 1461 365 1525 οὐκ
400 1461 505 1548 ἔνοχοί
527 1463 585 1525 εἰσι
607 1464 651 1544 τῷ
674 1464 770 1544 φόνῳ.
794 1460 885 1526 Idem
907 1464 1131 1546 argumentum
1152 1455 1201 1542 V,
1226 1459 1290 1542 383
1313 1455 1382 1541 VI,

234 1574 287 1638 27.
310 1570 520 1639 inserendum
542 1574 649 1636 autem
672 1591 744 1635 cnm
765 1568 897 1635 Reiskio
918 1589 1028 1635 censeo
1051 1569 1123 1632 iu:
1145 1560 1178 1630 εὖ
1199 1557 1384 1644 strafort.

275 1680 293 1763 ξ
319 1680 368 1745 13.
392 1677 464 1763 δίκη
486 1676 520 1742 δὲ
543 1679 750 1765 κνβερνησενε.
773 1677 999 1744 Archaismum
1022 1675 1095 1760 δίνη
1113 1679 1201 1763 prosi
1213 1670 1285 1757 δίκη
1296 1677 1386 1740 notat

233 1787 394 1856 Reiskius.
416 1786 476 1854 Est
496 1792 603 1852 autem
624 1805 698 1875 pars
718 1788 906 1854 hexametri.

277 1897 296 1981 fi
321 1898 361 1961 14
382 1917 428 1984 sq.
451 1897 571 1980 ταύτην
594 1887 650 1961 οὖν
674 1895 842 1980 πυθομένη
853 1897 884 1982 *)
906 1903 928 1980 η
947 1901 1047 1981 μήτηρ
1069 1901 1123 1963 τοῦ
1145 1891 1279 1976 ἀδελφοῦ
1297 1893 1386 1958 ἐποι-

236 2009 330 2086 ήσατο
365 2002 472 2088 φίλην.
506 2002 681 2088 αἰσθομένη
715 2003 749 2068 (λε’
782 2006 831 2069 ὅτι
866 2003 1047 2069 ἀδικεῖσθαι
1080 2000 1208 2086 ἔμελλεν
1239 2001 1301 2068 ὑπὸ
1330 2007 1386 2070 τοῦ

236 2110 378 2178 Φιλόνεω
409 2111 662 2196 μεταπέμπεται,
701 2118 754 2177 καλ
777 2111 884 2194 ἐπειδὴ
907 2108 1007 2196 ἦλθεν
1029 2110 1135 2189 ἔλεξεν
1158 2112 1239 2198 αὐτῇ
1259 2113 1308 2180 ὅτι
1331 2117 1387 2178 κοιλ

238 2220 317 2304 αὕτη
340 2221 482 2287 ἀδικοῖτο
504 2221 565 2286 ὑπὸ
588 2228 642 2288 τοῦ
663 2224 781 2308 πατρὸς
802 2229 856 2289 τοῦ
878 2221 1037 2308 ἡμετέρου.
1061 2226 1088 2287 εἰ
1110 2213 1166 2288 οὖν
1193 2220 1298 2288 ἐθέλει
1322 2227 1388 2292 ari.

236 2330 351 2398 Mutila
372 2336 404 2397 et
425 2331 557 2397 obscura
578 2332 731 2398 narratio!
755 2332 840 2408 Quid
862 2333 975 2400 enim?
994 2329 1305 2400 Amicitiamnecum
1316 2356 1387 2401 mn·

234 2439 366 2506 lieroula
387 2441 543 2506 contraxit
561 2441 723 2507 noverca?
745 2441 850 2506 Immo
870 2442 988 2507 sociam
1007 2446 1039 2507 et
1050 2441 1227 2507 ministram
1238 2443 1386 2510 maleficii

238 2567 309 2614 eam
330 2545 486 2615 assemsit.
510 2548 662 2615 Amicitia
684 2571 757 2615 cnm
778 2549 925 2616 Philonei
947 2550 1049 2616 amica
1072 2549 1204 2615 minime
1227 2571 1306 2638 opus
1321 2554 1384 2618 erat

235 2677 405 2723 novercae:
441 2658 516 2723 satis
549 2663 617 2725 erat
638 2658 668 2724 ei
689 2680 837 2744 narrare,
859 2659 937 2747 quid
958 2659 1128 2726 Philoneos
1149 2659 1183 2724 in
1204 2663 1312 2726 mente
1332 2657 1387 2724 ha·

235 2765 346 2851 heret,
369 2770 410 2832 ut'
427 2788 497 2833 eam
522 2768 629 2833 statim
652 2767 693 2833 ad
715 2767 848 2855 quodvis
871 2767 1047 2856 periculum
1068 2772 1212 2856 paratam
1234 2765 1387 2836 redderet.

237 2872 346 2961 Atque
380 2874 414 2941 id
445 2875 572 2964 ipsum,
605 2875 690 2964 quod
722 2897 857 2942 noverca
887 2876 1034 2943 Philonei
1067 2876 1202 2942 amicam
1224 2875 1389 2947 certiorem

237 2981 311 3049 fecit
344 2983 384 3051 de
400 2985 487 3051 illius
509 2985 658 3070 consilio,
682 2985 789 3070 abest;
812 3005 849 3052 eo
869 2990 977 3052 tamen
999 2985 1131 3052 minime
1153 3005 1259 3050 carere
1280 3005 1388 3072 possu-

236 3116 318 3161 mus.
342 3094 527 3171 Quomodo
551 3095 636 3160 enim
657 3094 761 3160 amica
781 3094 816 3159 id
839 3094 1004 3160 consilium
1027 3093 1156 3161 resciit?
1193 3092 1286 3159 Certe
1307 3093 1387 3160 clam

240 3208 379 3270 amatore
410 3225 487 3270 suo:
521 3225 596 3270 nam
629 3203 722 3270 illum
752 3208 879 3292 putasse
912 3225 983 3270 eam
1015 3203 1098 3269 nihil
1118 3202 1195 3268 mali
1216 3200 1389 3288 suspicari,

237 3312 311 3378 inde
333 3317 462 3401 apparet
484 3312 569 3400 qnod
592 3333 662 3379 eam
685 3305 792 3379 secum
814 3312 849 3378 in
869 3313 1021 3380 Pireaum
1043 3311 1146 3398 duxit,
1170 3315 1202 3377 et
1223 3309 1263 3375 ad
1281 3308 1391 3397 epulas

239 3420 393 3487 adhibuit.
415 3420 510 3487 Unde
532 3443 608 3508 ergo
629 3443 720 3488 nosse
741 3427 883 3510 poterat,
906 3422 968 3488 nisi
987 3428 1029 3488 ox
1039 3419 1226 3488 accusatoris
1239 3416 1387 3484 noverca?

240 3530 430 3596 Praesertim
448 3530 509 3596 hoc
529 3530 759 3597 observandum
781 3536 848 3616 est,
870 3531 954 3618 qnod
975 3531 1009 3596 in
1031 3529 1230 3613 narratione,
1251 3530 1285 3591 ut
1301 3544 1386 3591 nuno

238 3638 375 3725 legitur,
404 3660 539 3706 noverca
569 3640 709 3728 primum
741 3662 814 3706 cum
836 3640 938 3706 amica
959 3639 1105 3706 Philonei
1127 3635 1297 3703 amicitiam
1318 3653 1392 3700 con·

239 3747 358 3834 traxit,
392 3747 506 3816 deindo
539 3750 664 3836 cognita
697 3749 814 3838 injuria
845 3771 910 3836 qua
941 3748 1110 3814 Philoneos
1143 3745 1278 3812 amicam
1300 3761 1389 3810 snam

240 3853 410 3922 effecturus
433 3862 520 3943 erat,
541 3878 613 3924 eam
636 3857 677 3924 ad
700 3879 733 3923 se
754 3858 923 3924 arcessivit.
948 3857 1034 3933 Quid
1049 3856 1393 3939 novercas,matronae

239 3963 387 4052 Atticae,
417 3965 592 4053 appetenda
613 3971 681 4033 erat
701 3967 842 4033 amicitia
861 3965 1066 4056 peregrinae,
1093 3963 1277 4052 priusquam
1299 3956 1393 4023 intel·

239 4073 362 4160 ligeret,
385 4095 481 4160 quam
503 4075 629 4162 egregie
651 4076 719 4163 ejus
741 4075 861 4142 auxilio
884 4075 931 4141 nti
953 4073 1085 4164 posset?
1107 4070 1211 4138 Sensit
1231 4065 1394 4134 hocReis·

242 4181 337 4268 kius,
370 4183 427 4272 qni
447 4183 552 4250 locum
574 4185 619 4250 ita
641 4185 818 4275 supplevit:
840 4188 960 4270 sacras
984 4175 1039 4248 οὖν
1062 4165 1230 4262 πυθομένη
1252 4181 1274 4259 ἡ
1293 4179 1394 4260 μήτηρ

241 4296 295 4358 τοῦ
317 4288 452 4374 ἀδελφοῦ
474 4293 640 4376 ἐποιήσατο
660 4291 766 4377 φίλην·
779 4292 954 4378 αλσθομὲνη
967 4290 997 4358 δ’
1008 4293 1056 4357 ὅτι
1070 4287 1251 4354 ἀδικεῖσθαι
1264 4279 1393 4367 ἔμελλεν

240 4400 300 4464 ὑπὸ
336 4406 390 4467 τοῦ
425 4398 566 4468 Φιλόνεον
586 4401 833 4485 μεταπέμπεται.
859 4408 912 4468 καλ
935 4401 1042 4483 ἐπειδὴ
1065 4395 1165 4483 ἦλθεν
1189 4393 1295 4470 ἔλεξεν
1314 4390 1397 4478 αὐτῇ

240 4574 435 4586 ——n——n-

273 4670 301 4737 ⁴⁵)
319 4668 384 4724 dalet
399 4671 533 4727 Dobraons.
