3102 5310
652 589 691 653 17

140 788 159 871 ξ
194 787 243 850 56.
277 782 343 846 aut
379 783 514 867 πρώτης.
552 781 638 858 Quid
661 783 733 850 'sibi
765 783 819 851 hio
849 782 928 850 velit
960 781 1060 850 Thuo.
1084 783 1123 870 I,
1148 787 1250 871 17¹,c

99 896 276 962 Muctunsro
298 893 435 977 allatus,
453 892 513 978 ¹ubi
536 898 583 958 est
605 891 668 956 α’πὸ
690 898 745 959 τοὺ
768 896 838 962 ἰ’σον
860 903 893 964 et
912 895 977 962 ὑπὸ
999 900 1054 962 τοὺ
1074 897 1250 981 κρείσσονος

96 1026 159 1071 uon
182 1001 347 1091 perspicio.

140 1115 159 1199 5
181 1114 234 1178 57.
257 1111 311 1174 ιιαί
332 1109 381 1185 τίς
403 1111 530 1174 πώποτε
556 1109 757 1196 χαριζόμενος
780 1111 876 1198 ἑτέρῳ
897 1120 989 1179 τοῦτο
1003 1117 1179 1198 εἰργάσατο.
1203 1112 1250 1178 Ut

98 1223 182 1289 bene
202 1220 318 1286 sentias
338 1218 542 1286 acerbitatem
571 1218 745 1307 particulae
767 1225 820 1284 καὶ
843 1222 881 1288 cf.
904 1221 963 1288 Ar.
986 1222 1125 1288 Acharn.
1150 1223 1213 1287 86:

181 1332 235 1394 ιιαὶ
258 1330 307 1404 τίς
328 1321 389 1392 εἶδε
412 1331 539 1392 πώποτε
562 1330 635 1415 βοῦς
657 1330 863 1415 κριβανίταςς
884 1333 949 1396 τῶν
972 1327 1248 1415 ἀλαζονευμάτων.
1346 1415 1350 1423 ¹

142 1439 161 1524 ἓ
197 1440 250 1504 58.
282 1433 354 1502 ἀλλ’
386 1435 480 1502 οὑδίν
509 1459 562 1519 μοι
595 1445 719 1501 τοιοῦτο
750 1437 888 1522 ὑπῆρκτο
918 1441 962 1514 είς
985 1439 1095 1504 αὐτόν.
1117 1441 1253 1507 Notatur

102 1546 262 1634 passivum
284 1545 373 1612 vorbi
392 1545 556 1630 ὑπάρχειν,
581 1547 671 1632 ouJus
692 1551 817 1633 praeter
833 1548 1035 1636 participium
1057 1547 1254 1632 ὑπηργμένα

101 1677 165 1723 non
196 1653 289 1722 facile
321 1652 409 1720 aliud
442 1654 625 1742 exemplum
659 1655 812 1742 reperias,
845 1661 878 1722 ct
909 1656 983 1724 vide
1004 1678 1085 1746 quae
1106 1657 1147 1724 ad
1169 1659 1187 1742 ξ
1210 1658 1252 1723 60

101 1763 267 1830 annotabo.

146 1873 164 1958 ξ
199 1875 250 1938 59.
283 1867 367 1934 οἰλλά
397 1875 538 1955 χρήματα
571 1867 701 1953 ἔμελλον
734 1868 895 1958 teucrum
918 1872 1110 1948 ἀποκτείνας
1132 1871 1253 1946 αὑτόνς

104 1977 175 2044 ἀλλ’
202 1980 258 2045 οὑιι
282 1968 320 2062 ῆν
342 1978 438 2062 αὐτῷ.
463 1975 546 2042 utta
569 1983 617 2042 σοὶ
640 1977 762 2063 μᾶλλον
785 1980 846 2061 ἐγὼ
869 1986 928 2065 τῆν
950 1985 1108 2065 πρόφασιν
1132 1983 1254 2063 τοιείτην

104 2087 203 2176 ἔχοιμ’
224 2091 271 2152 άν
296 2089 420 2162 εἰκότας
445 2089 524 2170 μετὰ
545 2094 600 2168 τῆς
621 2085 776 2172 ἀληθείας
798 2089 994 2166 α’ναθεῒναι,
1018 2091 1068 2154 ὅτι
1087 2092 1252 2176 χρημάτων

104 2197 197 2265 ίνειια
233 2195 336 2280 ζητεῖς
370 2198 422 2277 ἐμὲ
456 2195 666 2273 ἀποκτεῖναι,
701 2195 823 2278 μᾶλλον
856 2203 875 2281 ῆ
910 2198 946 2262 οὑ
972 2199 1193 2281 ἐμοί-ἐκεῖνον.
1220 2197 1256 2264 Si

104 2307 181 2396 quid
202 2307 296 2374 video
316 2307 470 2373 acerbitas
491 2305 652 2393 responsi,
675 2326 739 2393 quo
758 2307 888 2394 suspitio
910 2307 945 2372 in
966 2306 1138 2374 adversarii
1160 2310 1255 2394 caput

104 2416 266 2501 rejicitur,
288 2415 400 2481 sinon
421 2414 564 2498 tollitur,
583 2418 691 2480 tamen
702 2435 893 2501 magnopere
902 2414 1083 2480 infirmatur
1093 2414 1256 2501 interjecto

106 2523 182 2590 exili
206 2523 418 2590 additamento
440 2519 512 2585 αλλ’
535 2521 591 2586 oia
613 2517 653 2605 ῆν
678 2521 776 2606 αὑτῷ.
799 2523 908 2590 Minus
926 2524 1258 2590 etiamforeudumest

16 2687 18 2698 .
104 2631 209 2698 simile
230 2631 482 2698 additamentum
504 2633 523 2716 ἓ
546 2635 607 2716 63,
627 2631 684 2697 ubi
702 2653 774 2697 mea
785 2632 940 2698 sententia
951 2633 996 2698 sic
1007 2638 1055 2698 est
1065 2632 1255 2718 legendum:

151 2739 331 2826 (Praecedit
362 2739 443 2805 hoc:
466 2738 624 2827 quamodo
646 2740 718 2826 quis
740 2740 891 2827 suspicari
913 2741 1031 2828 possit,
1054 2761 1107 2807 me
1129 2741 1257 2807 caedem

105 2855 301 2938 perpetrasse
332 2847 367 2912 in
399 2847 515 2935 Lycini
547 2847 682 2934 gratiam
694 2849 723 2935 Ρ)
756 2853 888 2931 πότερον
924 2849 966 2924 ὑς
1001 2850 1062 2930 ε’χὼ
1091 2851 1150 2932 μὲν
1171 2844 1191 2931 ῆ
1213 2853 1258 2933 τῷ

106 2957 227 3038 σώματι
252 2953 425 3038 ε’πιτῆδειος
448 2953 719 3032 διακινδυνεύειν,
746 2957 864 3031 ἐκεῖνος
887 2954 921 3021 δὲ
946 2963 1085 3044 χρῆμασι
1102 2959 1158 3023 τδν
1184 2959 1258 3040 ἐμόν

107 3063 260 3132 ιιίνδανον
308 3065 521 3149 εἰιπρίασθαις
570 3060 642 3127 ἀλλ’
675 3062 752 3129 αὐτὸ
784 3064 976 3132 τούναντίον
1011 3068 1129 3142 ἐκεῖνος
1164 3069 1257 3132 τοῦτο

106 3180 227 3240 θᾶσσον
258 3177 302 3239 ἂν
337 3173 389 3236 ὑπ’
425 3175 498 3256 ε’μοὺ
532 3172 664 3256 ἐπείσθη
698 3177 780 3237 κατά
815 3199 849 3253 γε
882 3174 918 3239 τὸ
953 3176 1034 3250 εἰκὸς
1063 3179 1084 3258 ἤ
1114 3173 1175 3256 ἐγὼ
1198 3175 1259 3240 ὑπὸ

107 3285 242 3362 τούτου,
274 3282 389 3350 deinde
422 3283 552 3349 affertur
585 3287 832 3370 argumentum,
866 3304 930 3372 quo
951 3283 1204 3370 demonstratur,
1225 3285 1260 3349 in

150 3501 224 3572 Non
255 3521 365 3566 vercor
397 3519 439 3564 ne
473 3498 562 3586 quis,
594 3498 662 3564 loco
696 3499 741 3564 ita
772 3498 874 3584 lecto,
907 3505 979 3588 post
1007 3499 1262 3588 interrogationis

108 3611 235 3700 signum
269 3591 376 3697 nepa
407 3608 486 3674 haee
520 3606 617 3672 versa
648 3606 744 3672 inseri
765 3607 926 3695 patiatur:
950 3606 986 3672 u
1010 3607 1112 3690 οηιε,
1135 3612 1180 3692 ηε
1202 3609 1260 3690 μιν

107 3717 168 3801 γὰρ
199 3715 255 3780 οὐκ
276 3711 316 3798 ῆν
340 3721 482 3803 χρήματα
506 3715 572 3798 ἐμοὶ
595 3713 622 3778 δ’
648 3709 711 3796 ἧος
733 3737 869 3802 quorum
892 3717 1061 3786 verborum
1084 3717 1261 3783 molestiam

107 3827 206 3894 sensit
234 3825 405 3911 Reiskius,
428 3825 543 3913 quiea
566 3844 640 3910 orgo
664 3823 769 3912 posuit
790 3830 861 3912 post
885 3825 946 3905 ε’γώ
968 3826 1030 3890 ὑπὸ
1052 3828 1184 3906 τούτου,
1206 3823 1261 3890 sod

111 3955 152 4002 ne
172 3935 218 4001 ibi
234 3935 365 4022 quidem
387 3938 515 4022 propter
535 3933 699 4020 sequentia
721 3931 797 3998 feni
817 3939 958 4021 possunt.

151 4041 171 4128 g
205 4044 257 4109 60.
291 4043 356 4110 Ροο
387 4048 489 4106 ταῦτα
520 4041 579 4123 μὲν
611 4039 685 4122 ὑμῖν
720 4036 801 4120 λέγω
813 4089 824 4121 ,
855 4041 897 4116 ὥς
919 4041 1006 4126 αὐτῷ
1027 4065 1081 4125 μοι
1103 4043 1260 4126 πρόφασιν

112 4147 265 4236 οὐδεμίαν
289 4150 354 4239 ἔχει
375 4149 561 4215 α’ποιιτεῖναι
584 4148 639 4213 τὸν
660 4145 767 4233 ἄνδρα
788 4148 908 4235 editor,
932 4149 1117 4217 violentiora
1139 4148 1263 4216 medela

108 4278 189 4347 opus
220 4279 288 4327 esse
316 4259 493 4344 affirmans,
525 4256 604 4343 legit
626 4260 780 4341 πρόφασις
801 4255 931 4341 οὐδεμία
948 4257 1103 4343 ὑπῆρχεν,
1127 4263 1200 4346 apte
1221 4278 1264 4323 ex
1377 4331 1380 4338 ,

108 4367 228 4434 vicinia
260 4366 438 4436 conferens:
473 4364 575 4452 ἔχθρα
607 4364 759 4452 ὑπάρχει,
791 4365 938 4442 ιιίνδννος
970 4367 1124 4454 ὑπάρχει,
1160 4365 1262 4433 ταύτά

107 4474 250 4562 ὑπῆρχεν
270 4475 357 4559 αὑτῷ
380 4477 424 4551 εἷς
448 4475 568 4541 εἰιεῒνον
591 4475 670 4559 ἅπερ
691 4474 769 4557 ἐμοί.

152 4583 198 4650 ib.
233 4581 285 4650 δεῖ
313 4581 349 4649 δέ
380 4609 417 4668 με
450 4583 509 4648 καί
531 4583 608 4667 ὑπὲρ
631 4581 777 4648 Λυκίνου
800 4578 1084 4664 ἀπολογήσασθαι,
1109 4579 1181 4647 ἀλλ’
1205 4581 1262 4670 οὐχ

107 4689 191 4777 ὑπὲρ
225 4693 320 4764 αὑτοὺ
352 4696 474 4779 μόνον,
508 4693 551 4770 ὥς
584 4689 657 4760 οὐδὲ
692 4693 815 4760 ἐκεῖνον
838 4694 964 4768 εἰκότας
986 4694 1170 4766 αἰτιῶνται..
1195 4689 1260 4758 De·
