<?xml version="1.0" encoding="UTF-8"?>
<!DOCTYPE html PUBLIC "-//W3C//DTD XHTML 1.0 Transitional//EN"
    "http://www.w3.org/TR/xhtml1/DTD/xhtml1-transitional.dtd">
<html xmlns="http://www.w3.org/1999/xhtml" xml:lang="en" lang="en">
 <head>
  <title>
</title>
<meta http-equiv="Content-Type" content="text/html;charset=utf-8" />
  <meta name='ocr-system' content='tesseract 3.04.00' />
  <meta name='ocr-capabilities' content='ocr_page ocr_carea ocr_par ocr_line ocrx_word'/>
</head>
<body>
  <div class='ocr_page' id='page_1' title='image "./studiaantiphont00hartgoog_0010.png"; bbox 0 0 3102 5310; ppageno 0'>
   <div class='ocr_carea' id='block_1_1' title="bbox 164 2104 1329 4686">
    <p class='ocr_par' dir='ltr' id='par_1_1' title="bbox 166 2104 1329 3929">
     <span class='ocr_line' id='line_1_1' title="bbox 216 2104 1329 2195; baseline 0.001 -22"><span class='ocrx_word' id='word_1_1' title='bbox 216 2106 356 2195; x_wconf 82' lang='lat' dir='ltr'>Egregia</span> <span class='ocrx_word' id='word_1_2' title='bbox 381 2127 477 2194; x_wconf 89' lang='lat' dir='ltr'><strong>quam</strong></span> <span class='ocrx_word' id='word_1_3' title='bbox 503 2126 605 2194; x_wconf 84' lang='lat' dir='ltr'>nuper</span> <span class='ocrx_word' id='word_1_4' title='bbox 630 2105 743 2173; x_wconf 86' lang='lat' dir='ltr'><strong>Jern</strong></span> <span class='ocrx_word' id='word_1_5' title='bbox 780 2111 794 2171; x_wconf 91' lang='lat' dir='ltr'><strong>t</strong></span> <span class='ocrx_word' id='word_1_6' title='bbox 805 2127 823 2172; x_wconf 93' lang='lat' dir='ltr'><strong>e</strong></span> <span class='ocrx_word' id='word_1_7' title='bbox 835 2105 904 2172; x_wconf 92' lang='lat' dir='ltr'><strong>dti</strong></span> <span class='ocrx_word' id='word_1_8' title='bbox 917 2127 965 2171; x_wconf 90' lang='lat' dir='ltr'><strong>us</strong></span> <span class='ocrx_word' id='word_1_9' title='bbox 984 2105 1106 2172; x_wconf 85' lang='lat' dir='ltr'><strong>curavit</strong></span> <span class='ocrx_word' id='word_1_10' title='bbox 1122 2104 1329 2194; x_wconf 74' lang='lat' dir='ltr'><strong>Antiphontis</strong></span> 
     </span>
     <span class='ocr_line' id='line_1_2' title="bbox 171 2215 1325 2303; baseline -0.002 -20"><span class='ocrx_word' id='word_1_11' title='bbox 171 2215 268 2283; x_wconf 90' lang='lat' dir='ltr'><strong>editio</strong></span> <span class='ocrx_word' id='word_1_12' title='bbox 299 2221 332 2283; x_wconf 95' lang='lat' dir='ltr'><strong>et</strong></span> <span class='ocrx_word' id='word_1_13' title='bbox 361 2215 439 2280; x_wconf 92' lang='lat' dir='ltr'><strong>alibi</strong></span> <span class='ocrx_word' id='word_1_14' title='bbox 471 2219 504 2281; x_wconf 95' lang='lat' dir='ltr'><strong>et</strong></span> <span class='ocrx_word' id='word_1_15' title='bbox 530 2215 566 2281; x_wconf 93' lang='lat' dir='ltr'><strong>in</strong></span> <span class='ocrx_word' id='word_1_16' title='bbox 586 2220 694 2281; x_wconf 83' lang='lat' dir='ltr'><strong>nostra</strong></span> <span class='ocrx_word' id='word_1_17' title='bbox 713 2215 817 2303; x_wconf 90' lang='lat' dir='ltr'><strong>patria</strong></span> <span class='ocrx_word' id='word_1_18' title='bbox 837 2215 1078 2302; x_wconf 84' lang='lat' dir='ltr'><strong>Philologorum</strong></span> <span class='ocrx_word' id='word_1_19' title='bbox 1100 2215 1205 2282; x_wconf 92' lang='lat' dir='ltr'><strong>studia</strong></span> <span class='ocrx_word' id='word_1_20' title='bbox 1239 2217 1325 2282; x_wconf 88' lang='lat' dir='ltr'><strong>exci-</strong></span> 
     </span>
     <span class='ocr_line' id='line_1_3' title="bbox 169 2321 1328 2410; baseline 0 -20"><span class='ocrx_word' id='word_1_21' title='bbox 169 2323 261 2390; x_wconf 81' lang='lat' dir='ltr'><strong>tavit.</strong></span> <span class='ocrx_word' id='word_1_22' title='bbox 296 2321 455 2410; x_wconf 81' lang='lat' dir='ltr'><strong>Equidem</strong></span> <span class='ocrx_word' id='word_1_23' title='bbox 489 2323 545 2410; x_wconf 91' lang='lat' dir='ltr'><strong>qui</strong></span> <span class='ocrx_word' id='word_1_24' title='bbox 571 2324 642 2410; x_wconf 85' lang='lat' dir='ltr'><strong>jam</strong></span> <span class='ocrx_word' id='word_1_25' title='bbox 674 2323 777 2389; x_wconf 92' lang='lat' dir='ltr'><strong>multo</strong></span> <span class='ocrx_word' id='word_1_26' title='bbox 811 2328 904 2389; x_wconf 87' lang='lat' dir='ltr'><strong>antea</strong></span> <span class='ocrx_word' id='word_1_27' title='bbox 933 2328 1094 2390; x_wconf 85' lang='lat' dir='ltr'><strong>strenuam</strong></span> <span class='ocrx_word' id='word_1_28' title='bbox 1114 2324 1191 2390; x_wconf 90' lang='lat' dir='ltr'><strong>huic</strong></span> <span class='ocrx_word' id='word_1_29' title='bbox 1213 2323 1328 2390; x_wconf 89' lang='lat' dir='ltr'><strong>oratori</strong></span> 
     </span>
     <span class='ocr_line' id='line_1_4' title="bbox 174 2417 1324 2520; baseline 0 -22"><span class='ocrx_word' id='word_1_30' title='bbox 174 2453 302 2520; x_wconf 87' lang='lat' dir='ltr'><strong>operam</strong></span> <span class='ocrx_word' id='word_1_31' title='bbox 334 2451 518 2516; x_wconf 84' lang='lat' dir='ltr'><strong>navasssm,</strong></span> <span class='ocrx_word' id='word_1_32' title='bbox 534 2437 581 2518; x_wconf 20' lang='lat' dir='ltr'><strong>&#39;et</strong></span> <span class='ocrx_word' id='word_1_33' title='bbox 610 2431 654 2498; x_wconf 84' lang='lat' dir='ltr'><strong>ad</strong></span> <span class='ocrx_word' id='word_1_34' title='bbox 683 2417 858 2519; x_wconf 88' lang='lat' dir='ltr'><strong>permultos</strong></span> <span class='ocrx_word' id='word_1_35' title='bbox 890 2433 958 2518; x_wconf 90' lang='lat' dir='ltr'><strong>ejus</strong></span> <span class='ocrx_word' id='word_1_36' title='bbox 979 2431 1064 2498; x_wconf 88' lang='lat' dir='ltr'><strong>locos</strong></span> <span class='ocrx_word' id='word_1_37' title='bbox 1084 2431 1205 2519; x_wconf 84' lang='lat' dir='ltr'><strong>aliquid</strong></span> <span class='ocrx_word' id='word_1_38' title='bbox 1227 2453 1324 2498; x_wconf 89' lang='lat' dir='ltr'><strong>anno·</strong></span> 
     </span>
     <span class='ocr_line' id='line_1_5' title="bbox 171 2539 1323 2630; baseline 0 -24"><span class='ocrx_word' id='word_1_39' title='bbox 171 2545 305 2627; x_wconf 89' lang='lat' dir='ltr'><strong>tassem,</strong></span> <span class='ocrx_word' id='word_1_40' title='bbox 329 2543 469 2630; x_wconf 92' lang='lat' dir='ltr'><strong>primum</strong></span> <span class='ocrx_word' id='word_1_41' title='bbox 490 2561 562 2606; x_wconf 91' lang='lat' dir='ltr'><strong>mea</strong></span> <span class='ocrx_word' id='word_1_42' title='bbox 573 2539 762 2606; x_wconf 88' lang='lat' dir='ltr'><strong>emendandi</strong></span> <span class='ocrx_word' id='word_1_43' title='bbox 775 2539 942 2605; x_wconf 90' lang='lat' dir='ltr'><strong>conamina</strong></span> <span class='ocrx_word' id='word_1_44' title='bbox 953 2539 994 2604; x_wconf 93' lang='lat' dir='ltr'><strong>ad</strong></span> <span class='ocrx_word' id='word_1_45' title='bbox 1005 2540 1148 2606; x_wconf 91' lang='lat' dir='ltr'><strong>codicum</strong></span> <span class='ocrx_word' id='word_1_46' title='bbox 1157 2540 1323 2626; x_wconf 86' lang='lat' dir='ltr'><strong>lectiones,</strong></span> 
     </span>
     <span class='ocr_line' id='line_1_6' title="bbox 172 2632 1324 2737; baseline -0.001 -23"><span class='ocrx_word' id='word_1_47' title='bbox 172 2669 251 2737; x_wconf 88' lang='lat' dir='ltr'><strong>quas</strong></span> <span class='ocrx_word' id='word_1_48' title='bbox 285 2651 376 2716; x_wconf 90' lang='lat' dir='ltr'><strong>nobis</strong></span> <span class='ocrx_word' id='word_1_49' title='bbox 408 2649 640 2716; x_wconf 77' lang='lat' dir='ltr'><strong>accuratissime</strong></span> <span class='ocrx_word' id='word_1_50' title='bbox 672 2668 781 2713; x_wconf 86' lang='lat' dir='ltr'><strong>recens</strong></span> <span class='ocrx_word' id='word_1_51' title='bbox 812 2646 914 2714; x_wconf 86' lang='lat' dir='ltr'><strong>editor</strong></span> <span class='ocrx_word' id='word_1_52' title='bbox 946 2648 1113 2733; x_wconf 80' lang='lat' dir='ltr'><strong>exhibuit,</strong></span> <span class='ocrx_word' id='word_1_53' title='bbox 1143 2632 1246 2735; x_wconf 83' lang='lat' dir='ltr'><strong>exegi.</strong></span> <span class='ocrx_word' id='word_1_54' title='bbox 1270 2649 1324 2713; x_wconf 86' lang='lat' dir='ltr'><strong>In·</strong></span> 
     </span>
     <span class='ocr_line' id='line_1_7' title="bbox 171 2754 1323 2846; baseline 0 -24"><span class='ocrx_word' id='word_1_55' title='bbox 171 2757 285 2846; x_wconf 87' lang='lat' dir='ltr'><strong>spectis</strong></span> <span class='ocrx_word' id='word_1_56' title='bbox 318 2757 433 2824; x_wconf 91' lang='lat' dir='ltr'><strong>deinde</strong></span> <span class='ocrx_word' id='word_1_57' title='bbox 467 2756 578 2823; x_wconf 82' lang='lat' dir='ltr'><strong>Oobeti</strong></span> <span class='ocrx_word' id='word_1_58' title='bbox 610 2754 883 2842; x_wconf 86' lang='lat' dir='ltr'><strong>Herwerdenique</strong></span> <span class='ocrx_word' id='word_1_59' title='bbox 911 2755 1199 2842; x_wconf 82' lang='lat' dir='ltr'><strong>emendationibus,</strong></span> <span class='ocrx_word' id='word_1_60' title='bbox 1223 2779 1323 2844; x_wconf 91' lang='lat' dir='ltr'><strong>quum</strong></span> 
     </span>
     <span class='ocr_line' id='line_1_8' title="bbox 170 2863 1324 2953; baseline -0.002 -21"><span class='ocrx_word' id='word_1_61' title='bbox 170 2866 312 2933; x_wconf 85' lang='lat' dir='ltr'><strong>viderem</strong></span> <span class='ocrx_word' id='word_1_62' title='bbox 335 2865 459 2953; x_wconf 88' lang='lat' dir='ltr'><strong>saepius</strong></span> <span class='ocrx_word' id='word_1_63' title='bbox 480 2885 567 2930; x_wconf 87' lang='lat' dir='ltr'><strong>meas</strong></span> <span class='ocrx_word' id='word_1_64' title='bbox 590 2863 781 2951; x_wconf 83' lang='lat' dir='ltr'><strong>suspiciones</strong></span> <span class='ocrx_word' id='word_1_65' title='bbox 803 2885 1000 2930; x_wconf 87' lang='lat' dir='ltr'><strong>summorum</strong></span> <span class='ocrx_word' id='word_1_66' title='bbox 1033 2865 1161 2930; x_wconf 92' lang='lat' dir='ltr'><strong>illorum</strong></span> <span class='ocrx_word' id='word_1_67' title='bbox 1183 2866 1324 2931; x_wconf 85' lang='lat' dir='ltr'><strong>virorum</strong></span> 
     </span>
     <span class='ocr_line' id='line_1_9' title="bbox 169 2971 1323 3060; baseline -0.003 -20"><span class='ocrx_word' id='word_1_68' title='bbox 169 2974 356 3041; x_wconf 87' lang='lat' dir='ltr'><strong>auctoritate</strong></span> <span class='ocrx_word' id='word_1_69' title='bbox 387 2973 589 3057; x_wconf 90' lang='lat' dir='ltr'><strong>confirmari,</strong></span> <span class='ocrx_word' id='word_1_70' title='bbox 623 2971 727 3037; x_wconf 94' lang='lat' dir='ltr'><strong>denuo</strong></span> <span class='ocrx_word' id='word_1_71' title='bbox 760 2992 866 3037; x_wconf 90' lang='lat' dir='ltr'><strong>meam</strong></span> <span class='ocrx_word' id='word_1_72' title='bbox 901 2972 1093 3059; x_wconf 80' lang='lat' dir='ltr'><strong>farraginem</strong></span> <span class='ocrx_word' id='word_1_73' title='bbox 1114 2973 1323 3060; x_wconf 84' lang='lat' dir='ltr'><strong>perlustravi:</strong></span> 
     </span>
     <span class='ocr_line' id='line_1_10' title="bbox 168 3080 1325 3170; baseline -0.002 -22"><span class='ocrx_word' id='word_1_74' title='bbox 168 3083 334 3170; x_wconf 82' lang='lat' dir='ltr'><strong>sperabam</strong></span> <span class='ocrx_word' id='word_1_75' title='bbox 355 3081 462 3166; x_wconf 89' lang='lat' dir='ltr'><strong>enim,</strong></span> <span class='ocrx_word' id='word_1_76' title='bbox 485 3102 544 3146; x_wconf 91' lang='lat' dir='ltr'><strong>nec</strong></span> <span class='ocrx_word' id='word_1_77' title='bbox 565 3080 633 3144; x_wconf 90' lang='lat' dir='ltr'><strong>sine</strong></span> <span class='ocrx_word' id='word_1_78' title='bbox 656 3100 751 3145; x_wconf 79' lang='lat' dir='ltr'><strong>carna</strong></span> <span class='ocrx_word' id='word_1_79' title='bbox 772 3081 959 3167; x_wconf 80' lang='lat' dir='ltr'><strong>sperabam,</strong></span> <span class='ocrx_word' id='word_1_80' title='bbox 984 3081 1091 3168; x_wconf 86' lang='lat' dir='ltr'><strong>colligi</strong></span> <span class='ocrx_word' id='word_1_81' title='bbox 1113 3102 1155 3148; x_wconf 87' lang='lat' dir='ltr'><strong>ex</strong></span> <span class='ocrx_word' id='word_1_82' title='bbox 1176 3102 1325 3169; x_wconf 80' lang='lat' dir='ltr'><strong>esposse</strong></span> 
     </span>
     <span class='ocr_line' id='line_1_11' title="bbox 170 3187 1324 3278; baseline -0.001 -23"><span class='ocrx_word' id='word_1_83' title='bbox 170 3189 299 3278; x_wconf 86' lang='lat' dir='ltr'><strong>aliquod</strong></span> <span class='ocrx_word' id='word_1_84' title='bbox 320 3189 507 3277; x_wconf 91' lang='lat' dir='ltr'><strong>opusculum</strong></span> <span class='ocrx_word' id='word_1_85' title='bbox 530 3188 696 3273; x_wconf 87' lang='lat' dir='ltr'><strong>criticum,</strong></span> <span class='ocrx_word' id='word_1_86' title='bbox 720 3187 914 3276; x_wconf 88' lang='lat' dir='ltr'><strong>Antiphonti</strong></span> <span class='ocrx_word' id='word_1_87' title='bbox 935 3210 1000 3255; x_wconf 92' lang='lat' dir='ltr'><strong>non</strong></span> <span class='ocrx_word' id='word_1_88' title='bbox 1022 3190 1153 3275; x_wconf 88' lang='lat' dir='ltr'><strong>inutile,</strong></span> <span class='ocrx_word' id='word_1_89' title='bbox 1171 3189 1324 3278; x_wconf 85' lang='lat' dir='ltr'><strong>necquod</strong></span> 
     </span>
     <span class='ocr_line' id='line_1_12' title="bbox 170 3295 1324 3384; baseline 0 -20"><span class='ocrx_word' id='word_1_90' title='bbox 170 3297 205 3364; x_wconf 86' lang='lat' dir='ltr'><strong>in</strong></span> <span class='ocrx_word' id='word_1_91' title='bbox 225 3297 329 3364; x_wconf 89' lang='lat' dir='ltr'><strong>lucem</strong></span> <span class='ocrx_word' id='word_1_92' title='bbox 352 3297 499 3363; x_wconf 87' lang='lat' dir='ltr'><strong>ederetur</strong></span> <span class='ocrx_word' id='word_1_93' title='bbox 519 3317 648 3384; x_wconf 87' lang='lat' dir='ltr'><strong>prorsus</strong></span> <span class='ocrx_word' id='word_1_94' title='bbox 669 3295 848 3382; x_wconf 84' lang='lat' dir='ltr'><strong>indignum.</strong></span> <span class='ocrx_word' id='word_1_95' title='bbox 871 3297 992 3364; x_wconf 87' lang='lat' dir='ltr'><strong>Nactus</strong></span> <span class='ocrx_word' id='word_1_96' title='bbox 1012 3304 1119 3364; x_wconf 88' lang='lat' dir='ltr'><strong>autem</strong></span> <span class='ocrx_word' id='word_1_97' title='bbox 1130 3299 1324 3365; x_wconf 85' lang='lat' dir='ltr'><strong>occasionem</strong></span> 
     </span>
     <span class='ocr_line' id='line_1_13' title="bbox 170 3402 1324 3494; baseline -0.001 -21"><span class='ocrx_word' id='word_1_98' title='bbox 170 3405 405 3494; x_wconf 82' lang='lat' dir='ltr'><strong>Programmati</strong></span> <span class='ocrx_word' id='word_1_99' title='bbox 426 3403 593 3491; x_wconf 76' lang='lat' dir='ltr'><strong>Gymnasii</strong></span> <span class='ocrx_word' id='word_1_100' title='bbox 615 3402 713 3468; x_wconf 87' lang='lat' dir='ltr'><strong>nostri</strong></span> <span class='ocrx_word' id='word_1_101' title='bbox 736 3403 865 3491; x_wconf 89' lang='lat' dir='ltr'><strong>aliquod</strong></span> <span class='ocrx_word' id='word_1_102' title='bbox 886 3406 1045 3494; x_wconf 86' lang='lat' dir='ltr'><strong>specimen</strong></span> <span class='ocrx_word' id='word_1_103' title='bbox 1064 3428 1207 3473; x_wconf 90' lang='lat' dir='ltr'><strong>meorum</strong></span> <span class='ocrx_word' id='word_1_104' title='bbox 1224 3405 1324 3472; x_wconf 92' lang='lat' dir='ltr'><strong>studi·</strong></span> 
     </span>
     <span class='ocr_line' id='line_1_14' title="bbox 168 3511 1323 3598; baseline 0.002 -18"><span class='ocrx_word' id='word_1_105' title='bbox 168 3535 259 3580; x_wconf 93' lang='lat' dir='ltr'><strong>orum</strong></span> <span class='ocrx_word' id='word_1_106' title='bbox 291 3511 446 3598; x_wconf 91' lang='lat' dir='ltr'><strong>addendi,</strong></span> <span class='ocrx_word' id='word_1_107' title='bbox 477 3513 623 3579; x_wconf 88' lang='lat' dir='ltr'><strong>lubenter</strong></span> <span class='ocrx_word' id='word_1_108' title='bbox 653 3534 692 3582; x_wconf 87' lang='lat' dir='ltr'><strong>ea</strong></span> <span class='ocrx_word' id='word_1_109' title='bbox 724 3533 801 3578; x_wconf 88' lang='lat' dir='ltr'><strong>usus</strong></span> <span class='ocrx_word' id='word_1_110' title='bbox 833 3534 914 3580; x_wconf 93' lang='lat' dir='ltr'><strong>sum.</strong></span> <span class='ocrx_word' id='word_1_111' title='bbox 941 3513 1015 3581; x_wconf 87' lang='lat' dir='ltr'><strong>Non</strong></span> <span class='ocrx_word' id='word_1_112' title='bbox 1037 3515 1123 3581; x_wconf 87' lang='lat' dir='ltr'><strong>enim</strong></span> <span class='ocrx_word' id='word_1_113' title='bbox 1145 3515 1207 3580; x_wconf 92' lang='lat' dir='ltr'><strong>alio</strong></span> <span class='ocrx_word' id='word_1_114' title='bbox 1228 3515 1323 3582; x_wconf 92' lang='lat' dir='ltr'><strong>modo</strong></span> 
     </span>
     <span class='ocr_line' id='line_1_15' title="bbox 168 3619 1323 3711; baseline 0.002 -22"><span class='ocrx_word' id='word_1_115' title='bbox 168 3623 283 3690; x_wconf 90' lang='lat' dir='ltr'><strong>melius</strong></span> <span class='ocrx_word' id='word_1_116' title='bbox 314 3623 396 3689; x_wconf 92' lang='lat' dir='ltr'><strong>mihi</strong></span> <span class='ocrx_word' id='word_1_117' title='bbox 430 3622 561 3689; x_wconf 83' lang='lat' dir='ltr'><strong>videbar</strong></span> <span class='ocrx_word' id='word_1_118' title='bbox 590 3621 757 3688; x_wconf 84' lang='lat' dir='ltr'><strong>Studia</strong></span> <span class='ocrx_word' id='word_1_119' title='bbox 785 3619 1116 3711; x_wconf 79' lang='lat' dir='ltr'><strong>Antiphontea</strong></span> <span class='ocrx_word' id='word_1_120' title='bbox 1137 3644 1210 3692; x_wconf 90' lang='lat' dir='ltr'><strong>mea</strong></span> <span class='ocrx_word' id='word_1_121' title='bbox 1231 3624 1323 3691; x_wconf 91' lang='lat' dir='ltr'><strong>colle·</strong></span> 
     </span>
     <span class='ocr_line' id='line_1_16' title="bbox 169 3729 1323 3820; baseline 0.001 -22"><span class='ocrx_word' id='word_1_122' title='bbox 169 3753 282 3819; x_wconf 88' lang='lat' dir='ltr'><strong>garum</strong></span> <span class='ocrx_word' id='word_1_123' title='bbox 314 3733 512 3820; x_wconf 83' lang='lat' dir='ltr'><strong>aliorumque</strong></span> <span class='ocrx_word' id='word_1_124' title='bbox 546 3735 671 3797; x_wconf 87' lang='lat' dir='ltr'><strong>nostrae</strong></span> <span class='ocrx_word' id='word_1_125' title='bbox 704 3729 782 3796; x_wconf 86' lang='lat' dir='ltr'><strong>artis</strong></span> <span class='ocrx_word' id='word_1_126' title='bbox 813 3729 974 3797; x_wconf 83' lang='lat' dir='ltr'><strong>fautorum</strong></span> <span class='ocrx_word' id='word_1_127' title='bbox 999 3729 1121 3819; x_wconf 88' lang='lat' dir='ltr'><strong>judicio</strong></span> <span class='ocrx_word' id='word_1_128' title='bbox 1140 3733 1323 3820; x_wconf 88' lang='lat' dir='ltr'><strong>permittere</strong></span> 
     </span>
     <span class='ocr_line' id='line_1_17' title="bbox 166 3860 266 3929; baseline 0 -23"><span class='ocrx_word' id='word_1_129' title='bbox 166 3860 266 3929; x_wconf 88' lang='lat' dir='ltr'><strong>posse.</strong></span> 
     </span>
    </p>

    <p class='ocr_par' dir='ltr' id='par_1_2' title="bbox 164 3945 1323 4686">
     <span class='ocr_line' id='line_1_18' title="bbox 210 3945 1323 4035; baseline 0.001 -19"><span class='ocrx_word' id='word_1_130' title='bbox 210 3949 315 4016; x_wconf 78' lang='lat' dir='ltr'><strong>Erunt</strong></span> <span class='ocrx_word' id='word_1_131' title='bbox 348 3952 455 4014; x_wconf 88' lang='lat' dir='ltr'><strong>autem</strong></span> <span class='ocrx_word' id='word_1_132' title='bbox 488 3945 721 4015; x_wconf 86' lang='lat' dir='ltr'><strong>observationes</strong></span> <span class='ocrx_word' id='word_1_133' title='bbox 754 3967 846 4014; x_wconf 86' lang='lat' dir='ltr'><strong>meae</strong></span> <span class='ocrx_word' id='word_1_134' title='bbox 880 3947 961 4014; x_wconf 86' lang='lat' dir='ltr'><strong>varii</strong></span> <span class='ocrx_word' id='word_1_135' title='bbox 990 3949 1187 4035; x_wconf 84' lang='lat' dir='ltr'><strong>argumenti:</strong></span> <span class='ocrx_word' id='word_1_136' title='bbox 1229 3951 1323 4018; x_wconf 93' lang='lat' dir='ltr'><strong>modo</strong></span> 
     </span>
     <span class='ocr_line' id='line_1_19' title="bbox 167 4055 1321 4145; baseline 0 -21"><span class='ocrx_word' id='word_1_137' title='bbox 167 4058 253 4124; x_wconf 89' lang='lat' dir='ltr'><strong>enim</strong></span> <span class='ocrx_word' id='word_1_138' title='bbox 285 4078 400 4124; x_wconf 85' lang='lat' dir='ltr'><strong>novam</strong></span> <span class='ocrx_word' id='word_1_139' title='bbox 434 4057 646 4143; x_wconf 87' lang='lat' dir='ltr'><strong>conjecturam</strong></span> <span class='ocrx_word' id='word_1_140' title='bbox 677 4057 873 4142; x_wconf 84' lang='lat' dir='ltr'><strong>proponam,</strong></span> <span class='ocrx_word' id='word_1_141' title='bbox 907 4055 1002 4122; x_wconf 92' lang='lat' dir='ltr'><strong>modo</strong></span> <span class='ocrx_word' id='word_1_142' title='bbox 1023 4058 1235 4144; x_wconf 87' lang='lat' dir='ltr'><strong>conjecturam</strong></span> <span class='ocrx_word' id='word_1_143' title='bbox 1250 4060 1321 4145; x_wconf 88' lang='lat' dir='ltr'><strong>jam</strong></span> 
     </span>
     <span class='ocr_line' id='line_1_20' title="bbox 165 4157 1320 4255; baseline 0.001 -23"><span class='ocrx_word' id='word_1_144' title='bbox 165 4167 207 4233; x_wconf 93' lang='lat' dir='ltr'><strong>ab</strong></span> <span class='ocrx_word' id='word_1_145' title='bbox 239 4157 301 4232; x_wconf 88' lang='lat' dir='ltr'><strong>alio</strong></span> <span class='ocrx_word' id='word_1_146' title='bbox 330 4166 467 4251; x_wconf 81' lang='lat' dir='ltr'><strong>factam,</strong></span> <span class='ocrx_word' id='word_1_147' title='bbox 498 4164 549 4231; x_wconf 83' lang='lat' dir='ltr'><strong>rel</strong></span> <span class='ocrx_word' id='word_1_148' title='bbox 577 4183 660 4229; x_wconf 86' lang='lat' dir='ltr'><strong>novo</strong></span> <span class='ocrx_word' id='word_1_149' title='bbox 681 4168 869 4250; x_wconf 86' lang='lat' dir='ltr'><strong>argumento</strong></span> <span class='ocrx_word' id='word_1_150' title='bbox 892 4164 1074 4249; x_wconf 90' lang='lat' dir='ltr'><strong>stabiliam,</strong></span> <span class='ocrx_word' id='word_1_151' title='bbox 1096 4166 1148 4232; x_wconf 85' lang='lat' dir='ltr'><strong>vel</strong></span> <span class='ocrx_word' id='word_1_152' title='bbox 1169 4168 1320 4255; x_wconf 89' lang='lat' dir='ltr'><strong>recipien-</strong></span> 
     </span>
     <span class='ocr_line' id='line_1_21' title="bbox 169 4272 1321 4363; baseline -0.002 -21"><span class='ocrx_word' id='word_1_153' title='bbox 169 4275 243 4342; x_wconf 81' lang='lat' dir='ltr'><strong>dam</strong></span> <span class='ocrx_word' id='word_1_154' title='bbox 273 4295 337 4340; x_wconf 94' lang='lat' dir='ltr'><strong>non</strong></span> <span class='ocrx_word' id='word_1_155' title='bbox 361 4295 429 4341; x_wconf 92' lang='lat' dir='ltr'><strong>esse</strong></span> <span class='ocrx_word' id='word_1_156' title='bbox 451 4273 666 4340; x_wconf 88' lang='lat' dir='ltr'><strong>demonstrare</strong></span> <span class='ocrx_word' id='word_1_157' title='bbox 687 4272 840 4356; x_wconf 83' lang='lat' dir='ltr'><strong>conabor3</strong></span> <span class='ocrx_word' id='word_1_158' title='bbox 863 4293 1102 4361; x_wconf 88' lang='lat' dir='ltr'><strong>nonnumquam</strong></span> <span class='ocrx_word' id='word_1_159' title='bbox 1124 4274 1245 4363; x_wconf 83' lang='lat' dir='ltr'><strong>aliquid</strong></span> <span class='ocrx_word' id='word_1_160' title='bbox 1266 4276 1321 4341; x_wconf 88' lang='lat' dir='ltr'><strong>ob-</strong></span> 
     </span>
     <span class='ocr_line' id='line_1_22' title="bbox 169 4379 1321 4472; baseline 0.002 -21"><span class='ocrx_word' id='word_1_161' title='bbox 169 4385 301 4452; x_wconf 84' lang='lat' dir='ltr'><strong>servabo</strong></span> <span class='ocrx_word' id='word_1_162' title='bbox 334 4383 418 4471; x_wconf 89' lang='lat' dir='ltr'><strong>quod</strong></span> <span class='ocrx_word' id='word_1_163' title='bbox 450 4381 491 4448; x_wconf 92' lang='lat' dir='ltr'><strong>ad</strong></span> <span class='ocrx_word' id='word_1_164' title='bbox 525 4401 702 4448; x_wconf 87' lang='lat' dir='ltr'><strong>sermonem</strong></span> <span class='ocrx_word' id='word_1_165' title='bbox 736 4385 768 4447; x_wconf 88' lang='lat' dir='ltr'><strong>et</strong></span> <span class='ocrx_word' id='word_1_166' title='bbox 800 4379 924 4447; x_wconf 88' lang='lat' dir='ltr'><strong>dicendi</strong></span> <span class='ocrx_word' id='word_1_167' title='bbox 945 4402 1046 4468; x_wconf 84' lang='lat' dir='ltr'><strong>genus</strong></span> <span class='ocrx_word' id='word_1_168' title='bbox 1068 4383 1321 4472; x_wconf 85' lang='lat' dir='ltr'><strong>Antiphonteum</strong></span> 
     </span>
     <span class='ocr_line' id='line_1_23' title="bbox 164 4488 1317 4582; baseline 0.001 -22"><span class='ocrx_word' id='word_1_169' title='bbox 164 4493 337 4582; x_wconf 73' lang='lat' dir='ltr'><strong>pertineat,</strong></span> <span class='ocrx_word' id='word_1_170' title='bbox 377 4491 502 4579; x_wconf 88' lang='lat' dir='ltr'><strong>saepius</strong></span> <span class='ocrx_word' id='word_1_171' title='bbox 542 4489 639 4556; x_wconf 88' lang='lat' dir='ltr'><strong>etiam</strong></span> <span class='ocrx_word' id='word_1_172' title='bbox 677 4488 784 4556; x_wconf 89' lang='lat' dir='ltr'><strong>locum</strong></span> <span class='ocrx_word' id='word_1_173' title='bbox 818 4489 1050 4577; x_wconf 87' lang='lat' dir='ltr'><strong>obscuriorem,</strong></span> <span class='ocrx_word' id='word_1_174' title='bbox 1086 4514 1180 4581; x_wconf 91' lang='lat' dir='ltr'><strong>quem</strong></span> <span class='ocrx_word' id='word_1_175' title='bbox 1213 4515 1317 4582; x_wconf 91' lang='lat' dir='ltr'><strong>neque</strong></span> 
     </span>
     <span class='ocr_line' id='line_1_24' title="bbox 172 4598 1319 4686; baseline 0.004 -19"><span class='ocrx_word' id='word_1_176' title='bbox 172 4600 356 4684; x_wconf 87' lang='lat' dir='ltr'><strong>emendare,</strong></span> <span class='ocrx_word' id='word_1_177' title='bbox 403 4621 507 4686; x_wconf 91' lang='lat' dir='ltr'><strong>neque</strong></span> <span class='ocrx_word' id='word_1_178' title='bbox 548 4598 707 4664; x_wconf 89' lang='lat' dir='ltr'><strong>illustrare</strong></span> <span class='ocrx_word' id='word_1_179' title='bbox 746 4598 863 4685; x_wconf 91' lang='lat' dir='ltr'><strong>possim</strong></span> <span class='ocrx_word' id='word_1_180' title='bbox 902 4601 1122 4668; x_wconf 84' lang='lat' dir='ltr'><strong>tantummodo</strong></span> <span class='ocrx_word' id='word_1_181' title='bbox 1153 4603 1319 4672; x_wconf 88' lang='lat' dir='ltr'><strong>indicabo:</strong></span> 
     </span>
    </p>
   </div>
   <div class='ocr_carea' id='block_1_2' title="bbox 0 0 1556 5310">
    <p class='ocr_par' dir='ltr' id='par_1_3' title="bbox 0 0 1556 5310">
     <span class='ocr_line' id='line_1_25' title="bbox 0 0 1556 5310; baseline 0 3"><span class='ocrx_word' id='word_1_182' title='bbox 0 0 1556 5310; x_wconf 95' lang='lat' dir='ltr'><strong> </strong></span> 
     </span>
    </p>
   </div>
  </div>
 </body>
</html>
