3102 5310
734 529 772 593 13

176 733 215 809 ἣν
238 729 275 792 τὸ
296 723 430 800 πλοῖον,
457 728 499 799 εἷς
521 726 539 786 ὃ
561 721 595 787 δὲ
619 724 791 807 μετέβημεν
815 719 1074 818 ἐστεγασμένον.”
1106 723 1189 788 Setis
1211 724 1334 811 copiose

175 836 236 902 hoe
268 835 518 900 demonstratum
552 837 619 917 est,
650 851 754 919 neque
776 828 868 897 oredo
892 830 1123 918 Antiphontem
1147 830 1244 898 fuisse
1266 835 1333 898 tem

175 943 351 1032 puerilem,
385 946 422 1006 ut
453 941 504 1007 his
536 940 665 1006 adderet
697 943 752 1005 τοῦ
785 937 816 1003 δ’
848 940 938 1006 ὑετοῦ
972 938 1068 1006 Γἕνεκα
1099 938 1189 1006 ταῦτ’
1212 935 1274 1022 ἦν,
1299 941 1335 1006 in

176 1051 293 1140 quibus
313 1053 416 1116 ταῦτα
438 1029 519 1114 nihii
540 1049 636 1114 habet
659 1070 722 1136 quo
744 1050 907 1116 referetur.
1033 1131 1035 1135 Ι

202 1161 237 1252 5
271 1161 324 1226 24.
359 1159 424 1223 οὔτ’
447 1158 480 1223 ἐν
502 1163 542 1242 τῇ
565 1155 739 1244 Μυτιλήνῃ
765 1159 911 1240 ἐφαίνετο
935 1156 1123 1242 ζητούμενος
1145 1179 1208 1225 non
1224 1160 1334 1246 ¹petest

175 1287 244 1334 esse
275 1287 339 1332 non
372 1269 564 1354 corruptum.
599 1265 775 1352 Mytilenen
804 1266 919 1340 missus
940 1270 1008 1332 eret
1029 1265 1255 1353 pedissequus,
1277 1262 1334 1352 qui
1441 1351 1444 1358 1

175 1374 336 1442 nuntiaret
369 1374 519 1440 Heroden
551 1373 666 1440 exiisse
699 1394 740 1439 ex
770 1374 844 1439 nevi
878 1380 910 1441 et
931 1395 994 1444 non
1016 1372 1167 1459 rediisse,
1189 1394 1253 1439 non
1274 1371 1331 1459 qui

175 1489 254 1550 eum'
272 1483 319 1548 ibi
340 1487 514 1570 quaereret.
1064 1475 1068 1482 ’

217 1594 236 1678 ξ
258 1594 311 1658 27.
335 1593 481 1677 συγχωρῶ
507 1589 718 1677 conjectivum
740 1611 808 1658 esse
830 1597 914 1658 reete
936 1591 1084 1675 admonet
1105 1589 1266 1658 Reiskius.

217 1701 260 1768 ib.
285 1683 392 1781 ἐπειδὴ
415 1698 449 1763 (λε’
473 1699 581 1774 αὐτοῖς
603 1703 696 1764 τοῦτο
719 1699 776 1763 οὐκ
801 1702 946 1786 ἐνεχώρει
971 1704 1152 1787 suspesum
1174 1696 1333 1781 mihiest,

174 1831 250 1876 nem
273 1810 403 1895 ἐγχωρεῖ
421 1808 578 1895 significet
602 1809 690 1892 „fieri
711 1810 845 1897 potest.”
869 1807 931 1876 Sed
955 1809 1105 1896 quoniam
1123 1808 1142 1893 ᾖ
1162 1807 1331 1891 etetgtt

174 1937 248 1983 reus
268 1916 411 2005 loquitur
431 1916 471 1984 de
492 1916 744 1984 adversariorum
765 1917 845 1984 dolis
867 1921 899 1984 et
919 1915 1043 1982 insidiis
1062 1935 1141 2003 ques
1153 1911 1332 1979 συνέθεσαν

174 2030 208 2092 et
229 2027 488 2112 ἐμηχανήσαντο,
514 2025 644 2091 unieum
666 2027 821 2111 verbum,
845 2026 928 2114 quod
949 2026 1002 2092 hie
1024 2030 1108 2092 reete
1129 2021 1333 2113 postposuit,

175 2138 223 2200 est
248 2134 307 2218 „iis
328 2155 394 2200 nou
414 2125 582 2200 sueoessit”
605 2134 626 2199 i.
650 2155 677 2201 e.
701 2133 738 2198 οὐ
760 2132 970 2221 προύχώρει..

217 2243 237 2328 ἓ
270 2245 322 2310 30.
357 2235 448 2318 οὗτος
479 2239 519 2326 ἦν
540 2244 561 2306 0‘
582 2245 725 2318 πεισθεὶς
746 2243 807 2306 ὑπὸ
830 2246 951 2309 τούτων
975 2247 1030 2308 καὶ
1053 2243 1333 2328 καταψευσάμενός

175 2371 249 2432 μου.
273 2350 347 2417 Jem
370 2351 521 2418 Reiskius
542 2351 660 2418 delevit
678 2344 743 2415 καί.
768 2352 820 2418 Ite
840 2352 972 2418 hebebis
993 2351 1196 2440 perticipium
1218 2349 1331 2418 eodem

176 2458 272 2526 modo
294 2479 314 2526 a
334 2461 500 2548 participio
521 2461 682 2548 pendent,
705 2482 768 2549 quo
788 2463 807 2546 ἓ
830 2463 872 2526 82
895 2467 1091 2543 καταφανεῖς
1114 2457 1332 2545 ε’γένοντοούχ

175 2567 255 2632 ὅσιοι
263 2570 352 2642 ὄντες
365 2570 446 2655 [καὶ]
459 2566 687 2644 διακωλύοντες
697 2571 738 2634 τά
751 2569 825 2654 ἱερά,
840 2569 896 2635 ubi
908 2569 1066 2659 Sauppius
1078 2570 1133 2634 καί
1144 2568 1331 2636 eliminavit.

175 2677 228 2760 (ei.
262 2697 307 2743 or.
340 2675 391 2740 VI
423 2679 442 2762 ξ
471 2679 513 2744 45
543 2679 760 2761 πρυτανεύσας
782 2701 824 2738 .-.·.
847 2675 959 2742 διὰτὸ
981 2680 1219 2764 πρυτανεύσαι).
1260 2676 1332 2744 Nisi

175 2783 257 2850 torte
285 2791 423 2874 praestet
453 2792 556 2852 totum
589 2789 731 2861 πεισθεὶς
764 2786 826 2851 ὑπὸ
858 2790 978 2853 τούτων
1013 2790 1067 2852 καλ
1100 2787 1222 2855 delere:
1256 2805 1331 2854 nem

174 2897 288 2960 testem
320 2894 413 2960 illum
445 2895 486 2960 eb
519 2895 752 2964 accusatoribus
783 2895 949 2962 inductum
983 2916 1071 2981 esse,
1100 2895 1262 2984 idipsum
1283 2915 1332 2962 se·
1405 2969 1407 2973 ,
1482 2992 1486 3000 ι

175 3003 287 3090 quenti
308 3006 327 3090 ξ
348 3004 590 3070 demonstretur.
1166 3091 1169 3096 Ι

219 3112 237 3196 ἕ
260 3114 312 3178 32.
336 3115 364 3176 εἰ
385 3115 445 3197 γάρ
467 3113 611 3197 ἐγὼμὲν
634 3111 777 3179 ἐκέλευον
802 3112 900 3179 αὐτὸν
919 3111 1088 3200 στρεβλοῦν
1100 3113 1142 3188 ὥς
1153 3113 1190 3180 οὐ
1202 3109 1330 3197 τάληθῆ

176 3215 312 3299 λέγοντα
324 3270 334 3301 ,
365 3221 437 3298 ἰ’σεος
467 3226 510 3288 ἂν
533 3225 569 3288 ἐν
592 3222 678 3306 αὐτῷ
701 3225 803 3306 τούτῳ
824 3221 1017 3306 ἀπετρέπετο
1038 3221 1138 3306 μηδὲν
1161 3227 1230 3287 κατ’
1255 3223 1330 3305 ἐμοῦ

177 3328 447 3403 καταψεύδεσθαι.
480 3331 566 3408 Quid
595 3337 642 3398 est
676 3333 711 3396 ἐν
745 3330 831 3415 αὐτῷ
856 3331 988 3415 τούτῳ.)
1009 3331 1184 3397 Auferte:
1207 3330 1331 3418 eoipse

176 3437 326 3524 temporis
347 3443 528 3524 momento,
547 3440 617 3525 jem
639 3444 714 3508 ente
735 3439 951 3528 quaestionem
973 3440 1176 3506 institutum?

218 3545 263 3612 ib.
287 3547 333 3628 ἐφ’
365 3540 413 3621 οἷς
430 3549 473 3610 ἄν
496 3543 564 3634 ᾖτό
580 3537 735 3612 Ιπλεῖστον
759 3545 850 3632 με’ρος
875 3555 930 3628 τῆς
952 3550 1094 3634 βασάνου
1115 3547 1192 3631 πρὸς
1210 3547 1329 3612 τούτων

177 3654 255 3718 εἰσὶν
278 3653 310 3717 οἱ
325 3653 569 3740 βασανιζόμενοι
591 3652 695 3734 λέγειν
707 3657 770 3731 <tu
781 3659 824 3721 ἂν
845 3657 978 3730 ἐκείνοις
989 3653 1123 3738 μέλλωσι
1136 3660 1328 3742 χαριεῖσθαι.

176 3762 315 3830 Cebetis
335 3785 391 3852 pro
414 3763 492 3829 εῒσὶν
514 3763 594 3851 legit
615 3767 796 3843 εἰάθασινς
815 3786 879 3851 quo
898 3768 1022 3853 recepto
1033 3764 1130 3829 simul
1139 3764 1330 3851 ejiciendum

175 3891 288 3938 eenseo
308 3871 370 3949 ὃ,τι
392 3875 435 3937 ἂν
457 3873 589 3948 ἐκείνοις
612 3869 747 3954 μέλλωσι
771 3876 976 3959 χαριεῖσθαι,
1002 3893 1085 3960 quae
1102 3872 1183 3940 mihi
1204 3871 1332 3962 videtui·

174 3979 251 4045 setis
272 3979 425 4067 longuida
445 4001 512 4047 esse
534 3981 702 4070 explicatio
724 3981 893 4048 verborum
915 3982 992 4065 πρὸς
1014 3985 1146 4048 τούτων.

218 4089 238 4174 ξ
271 4091 322 4154 33.
362 4087 421 4164 Γεὐνς
452 4091 511 4171 μὲν
543 4083 599 4154 οὖν
633 4091 711 4172 μετὰ
745 4095 876 4176 χρηστῆς
909 4087 1037 4167 ἐλπίδος
1071 4089 1240 4171 ἰγίγνωοκέ
1267 4115 1330 4176 μου

178 4202 460 4282 καταψευσάμενος
474 4199 576 4281 τούτῳ
586 4196 795 4283 διάσχυρίζετο
806 4201 851 4282 τῷ
864 4195 958 4282 λόγῳ,
973 4197 1080 4282 ἐπειδὴ
1094 4197 1128 4264 δὲ
1139 4201 1328 4281 ἐγίγνωσκεν

176 4306 441 4388 ἀποθανούμενος
463 4304 596 4371 ἐνταῦθ’
616 4306 677 4390 ἤδη
697 4315 738 4391 τῇ
759 4305 899 4390 ἀληθείᾳ
918 4309 1038 4393 ε’χρῆτο.
1053 4307 1176 4396 Siquid
1188 4331 1330 4397 uuquam

176 4437 271 4484 sensu
305 4435 428 4482 eessum
459 4409 540 4501 fuit,
573 4415 633 4483 hoe
663 4422 731 4502 est3
755 4416 922 4497 ἐγίγνωσκε
945 4421 1225 4501 καταψευσάμενος
1245 4417 1332 4500 enim

174 4525 258 4594 nihii
272 4535 274 4540 '
288 4524 377 4591 eliud
407 4523 586 4611 significare
607 4529 710 4612 potest
731 4525 849 4612 quam:
873 4525 1047 4610 sentiebat,
1069 4524 1217 4610 videbat,
1238 4524 1331 4596 insol,

174 4633 294 4720 ligebet
315 4653 350 4700 se
371 4633 544 4701 mendaciis
566 4655 660 4700 usum
679 4653 746 4702 esse
765 4634 872 4702 inme.
884 4634 1136 4723 Neoquidquum
1147 4633 1329 4722 proficimus
