3102 5310
707 495 710 499 ’
744 483 763 544 9

174 678 300 742 textum
323 673 531 762 recipiendis,
553 674 605 741 vel
627 674 738 740 saltem
762 675 802 741 ad
825 676 942 742 oaloem
964 677 1099 764 paginae
1117 672 1330 742 memorandis

175 781 271 846 nimis
293 782 489 850 verecundus
511 782 603 848 fuit

217 892 237 975 ξ
269 895 320 988 10.
354 893 430 972 φασὶ
463 890 497 956 δὲ
532 891 609 956 αὐτὸ
642 890 863 958 τάποκτεῖιιειν
892 891 974 976 μέγα
997 897 1200 978 κακούργημα
1222 886 1329 969 οἶμαι,

175 1002 265 1082 κοῖγὼ
289 998 430 1082 ὁμολογῶ
451 998 599 1081 μέγιστόν
624 1024 679 1080 γε,
708 1005 762 1064 καῖ
782 1002 818 1065 τὸ
838 999 1008 1082 ῖεροοολεῖκ
1022 1005 1075 1066 καὶ
1086 1004 1122 1067 τὸ
1133 999 1322 1086 προδιδόναι

174 1119 234 1196 τὴν
267 1108 374 1174 πόλιν.
408 1107 620 1174 Jemstedtius
653 1109 687 1174 in
720 1110 923 1176 annotatione
955 1107 1063 1176 onitioa
1095 1117 1166 1198 post
1186 1107 1327 1191 ὁμολογῶ

104 1299 106 1310 Ι
175 1221 285 1290 inserit
318 1219 433 1282 καίτοι.
468 1216 644 1303 Aliquanto
659 1273 661 1275 .
677 1216 790 1282 melius
816 1218 850 1282 in
882 1218 1153 1284 observationibus
1185 1218 1328 1305 oonjioit:

175 1331 263 1408 ιιοίγὼ
297 1325 447 1411 όμολογῶ’
464 1323 626 1407 ’μέγιστοι
656 1322 690 1388 δέ
711 1351 744 1406 γε
769 1329 823 1389 καὶ
844 1327 881 1390 τὸ
903 1329 959 1390 κτὲ
971 1372 980 1404 ,
1004 1327 1144 1414 apposite
1167 1327 1330 1392 eonferens

175 1441 261 1506 huno
280 1437 387 1502 looum
410 1456 452 1500 ex
473 1432 638 1499 Andooide
660 1434 700 1500 de
722 1440 816 1522 myst.
841 1436 860 1520 ξ
883 1436 941 1500 98:
965 1417 1050 1498 οὗτοι
1072 1436 1130 1517 μὲι
1153 1433 1273 1516 ἐφογοι
1285 1431 1329 1499 δι’

178 1545 229 1631 ἐμέ
242 1591 252 1623 ,
289 1542 439 1628 ὁμολογῶ·
473 1541 581 1625 ἐσώθη
607 1540 642 1606 δέ
676 1567 710 1621 γε
731 1544 751 1605 ό
770 1546 875 1624 πατὴρ
898 1545 964 1606 ure.
995 1543 1100 1608 Possit
1120 1549 1153 1608 et
1174 1544 1220 1610 sio
1241 1543 1329 1624 κάγὼ

174 1653 315 1740 ὁμολογῶ
338 1650 485 1734 μέγιστοι
506 1657 585 1734 μετά
611 1676 645 1729 γε
669 1651 705 1715 τὸ
728 1648 898 1736 ῖεροσολεῖκ
921 1652 985 1714 κτὲ.
1008 1651 1057 1717 oll.
1084 1652 1177 1718 Dem.
1192 1650 1330 1718 inAris·

174 1770 234 1832 too.
267 1786 298 1851 p.
334 1764 377 1828 68
409 1766 509 1830 extra
544 1761 599 1826 ἐάο
622 1784 671 1834 τις
692 1759 868 1846 saussay,
892 1759 948 1825 ε’άκ
973 1785 1021 1834 τις
1046 1758 1248 1848 ἱεροσυλήσῃ,
1273 1763 1329 1827 ἐάκ

176 1899 224 1948 τις
246 1869 366 1956 προδῷ.

218 1981 237 2066 ξ
261 1981 298 2045 11
333 1983 415 2045 extr.
443 1978 478 2042 ἐκ
500 1961 527 2062 ᾦ
552 1973 619 2042 οὔτ’
638 1979 680 2042 δικ
704 1977 789 2040 κακά
810 1974 914 2058 πολλά
936 1975 1138 2060 εῖργαομέκος
1158 1975 1331 2068 η’λιοκόμηι

132 2159 134 2166 ,
174 2087 264 2172 ἄλλῳ
285 2092 306 2169 ἤ
327 2085 414 2171 αὐτῷ
437 2091 481 2170 τῷ
504 2091 684 2171 πράγματι,
710 2082 777 2151 οὔτ’
800 2089 842 2152 ἂν
868 2083 973 2150 πολλά
995 2089 1107 2167 οἷγαδά
1129 2084 1329 2171 εἷργασμέκος

175 2201 297 2272 τούτοις
319 2199 372 2261 eo
406 2195 573 2278 ἐσωζόμην.
609 2194 780 2260 Pueriliter
811 2194 862 2260 his
890 2197 925 2261 in
946 2195 1106 2262 codicibus
1128 2196 1236 2262 addite
1256 2202 1330 2262 sunt

175 2307 272 2374 verba
315 2311 382 2380 τοῖς
423 2305 583 2384 ἀγαθοῖς,
618 2324 701 2390 quae
733 2308 832 2368 totam
866 2304 932 2370 vim
963 2304 1085 2393 periodi
1116 2304 1331 2394 pessumdant.

178 2417 217 2482 ol.
243 2435 325 2502 quae
347 2414 387 2479 ad
408 2414 426 2499 ξ
448 2415 469 2479 4
492 2415 650 2479 annotavi.

219 2525 237 2608 ἓ
272 2523 322 2589 16.
358 2521 468 2587 ἔπειτα
503 2519 537 2584 δὲ
571 2521 628 2608 οὐχ
661 2523 704 2597 ὥς
737 2523 891 2586 πιστεύων
924 2524 969 2606 τῷ
1004 2526 1166 2604 πράγματι
1192 2518 1252 2584 ἕνα
1275 2517 1331 2582 τὸκ

175 2631 287 2712 drawa
321 2633 392 2714 περὶ
424 2636 479 2695 τοῦ
510 2635 693 2716 πράγματος
716 2631 861 2712 ἐποιήσω.
887 2630 1038 2697 Reiskius
1061 2632 1131 2711 περὶ
1154 2632 1209 2692 τοῦ
1234 2625 1331 2692 αὐτοῦ

177 2745 383 2824 πράγματος,·
417 2740 497 2806 mihi
531 2740 677 2828 quamvis
711 2740 810 2805 soleat
840 2739 1006 2827 Antiphon
1034 2738 1120 2804 idem
1141 2735 1332 2803 voeabulum
1370 2780 1371 2784 ,

175 2848 309 2934 iterare,
343 2853 452 2914 temen
485 2848 542 2914 vix
575 2848 742 2913 ferendum
772 2847 899 2912 videtur
930 2871 976 2931 τῳ
997 2851 1229 2930 πράγματι...
1243 2847 1331 2911 .τοῦ

177 2961 370 3040 πράγματος.
393 2956 562 3022 Deinde
538 2977 582 3022 s1o
603 2955 728 3044 pergit:

187 3062 291 3128 ἀλλ’
324 3064 555 3152 αμφισβήτησιν
584 3069 637 3129 καὶ
669 3061 764 3144 λόγοι
785 3061 988 3128 ῦπελίποο
963 3089 1005 3138 ως
1026 3066 1079 3126 καῖ
1101 3065 1166 3138 τοῖς
1189 3064 1258 3127 τότε
1282 3061 1330 3126 δι·

177 3178 308 3248 καοταῖς
334 3173 522 3254 decoretur.
546 3173 705 3260 Sauppius
727 3171 787 3236 κάν
810 3178 876 3247 τοῖς
897 3175 966 3238 τότε
988 3170 1152 3246 δικασταῖς
1173 3171 1332 3258 οἷμφισβη·

176 3287 288 3362 rioms.
308 3281 481 3348 Infelioiter
498 3287 534 3347 ut
553 3281 679 3369 opinor;
691 3302 766 3346 nam
777 3280 951 3347 absurdum
962 3271 1089 3347 videtur
1099 3279 1331 3366 ἀμφισβήτησιν
1400 3340 1403 3345 .

176 3387 419 3464 ῦπελῖποο-ώς
442 3391 699 3476 οἷμφισβητήσωκς
721 3394 753 3454 et
774 3387 860 3475 quod
879 3389 914 3454 in
935 3388 986 3453 his
1007 3394 1055 3454 est
1075 3387 1333 3454 molestissimum

178 3497 337 3587 Sauppius
368 3499 522 3566 intaotnm
555 3498 703 3586 reliquit:
737 3503 803 3572 τοῖς
832 3502 903 3562 τότε
926 3497 1112 3583 δικασταῖς,
1134 3518 1217 3584 quoe
1237 3495 1335 3562 verbs

177 3629 215 3673 eo
246 3608 316 3674 Ιοοο
349 3606 404 3672 ubi
436 3626 521 3671 nuno
553 3606 704 3692 leguntur
725 3605 862 3692 intelligi
883 3627 948 3673 non
969 3611 1109 3695 possunt.
1132 3603 1207 3670 Non
1228 3601 1334 3690 quod,

177 3715 234 3803 qui
251 3720 350 3781 totam
369 3714 542 3780 orationem
560 3712 745 3802 perlegerit,
766 3715 885 3780 neseiat
903 3715 959 3802 qui
978 3716 1041 3780 sint
1052 3714 1083 3777 οῖ
1093 3717 1161 3779 τότε
1173 3711 1335 3788 δικασταῖς

179 3822 327 3912 colligere
360 3822 446 3887 enim
478 3823 537 3888 hoo
567 3842 735 3909 possumus
764 3842 807 3887 ex
836 3823 940 3907 590:
972 3827 1039 3898 πῶς
1071 3813 1126 3888 οῦκ
1158 3824 1200 3885 ἂν
1229 3819 1334 3905 ὀρθῶς

179 3929 341 3996 δικάσαιτε
371 3933 442 4015 περὶ
473 3929 594 4007 aaron
625 3932 652 3991 εἰ
682 3933 813 4004 τούτους
843 3954 876 3994 τε
908 3933 1011 3995 ἐάσετε
1040 3931 1096 3996 τὸν
1128 3927 1334 4012 κομιζόμενον
1362 3939 1364 3946 '

178 4041 273 4123 ὅρκοι
292 4033 536 4122 διομοσαμέκοος
557 4043 781 4120 κατηγορῆσαι,
803 4038 881 4121 κοίμέ
894 4037 1013 4122 περὶ
977 4041 1073 4104 αυτοῦ
1085 4041 1140 4102 τοῦ
1152 4042 1335 4142 πράγματος

178 4145 452 4228 ἀπολογήσασθαι.
483 4149 550 4221 πῶς
580 4144 614 4210 δι’
646 4147 762 4224 ἐάσαις
794 4149 849 4211 ἐὰν
882 4150 955 4212 vuol
986 4129 1234 4231 αποψηφίοησῦέ
1263 4170 1333 4229 μοο.

181 4255 340 4340 διαφεδγω
368 4261 427 4341 γὰρ
455 4253 522 4320 οὐδ’
543 4255 624 4320 οὕτω
645 4257 702 4328 τάς
724 4253 873 4339 ὑμετέρας
895 4259 1043 4339 γοάμας,
1066 4251 1176 4319 αλλ’
1159 4260 1243 4337 υμεῖς
1267 4256 1334 4320 ἐοτέ

179 4366 211 4430 οῖ
239 4365 332 4432 κάκεῖ
358 4368 428 4450 περὶ
460 4367 533 4449 ἐμοῦ
567 4363 843 4449 διαψηφιζόμεοοι.
876 4367 930 4427 καὶ
956 4361 1255 4449 ἀποψηφισαμένοις
1276 4365 1335 4444 μὲν

180 4471 254 4558 ὑμῖν
277 4476 350 4557 ἐμοῦ
373 4481 431 4541 οῦκ
455 4473 578 4550 ἐξεσται
596 4477 668 4538 τότε
689 4469 824 4558 χρῆσθαι
843 4473 892 4536 ὅτι
910 4468 1141 4557 ἄκβοάληοῦε,
1164 4467 1336 4536 ἀπολέσασι

183 4579 217 4647 δέ
249 4582 321 4649 οὐδὲ
355 4583 588 4672 βουλεύσασθαι
623 4581 670 4647 ἔτι
704 4583 774 4666 περὶ
810 4582 881 4664 ἐμοῦ
912 4581 1047 4667 ἐγχωρεῖ.
1079 4580 1141 4647 Sed
1175 4585 1211 4645 ul:
1243 4579 1337 4646 modo
