3102 5310
786 466 826 528 38

216 661 358 747 Ιεὐπετῶς
392 665 441 746 B,
467 658 495 725 d.
521 663 558 743 ’λς
581 658 794 742 οἷκεσαμέυους
816 664 860 747 I',
883 688 913 741 y.
938 665 966 727 V.
989 660 1149 748 Equidem
1169 662 1204 726 in
1225 662 1382 749 antiquie-

222 772 302 837 simo
337 769 488 836 sermonis
520 768 673 856 pedestris
705 770 806 842 Attici
838 775 1063 854 monumento,
1092 791 1168 836 nam
1192 791 1229 837 eo
1252 765 1384 839 nomine

225 879 430 965 tetralogiae,
464 877 492 942 si
527 876 757 964 Antiphontem
790 884 950 946 auctorem
979 880 1116 963 habent,
1149 879 1264 966 dignae
1285 885 1382 966 sunt,

222 1009 286 1055 non
308 987 411 1073 magis
430 1005 559 1051 moveor
580 985 742 1052 vocabulis
765 987 901 1072 Ionicis,
925 1009 1021 1074 quam
1042 970 1273 1074 locutionibus,
1297 1011 1383 1076 quae

221 1096 382 1185 poeticum
413 1095 548 1160 colorem
571 1092 709 1178 habent,
733 1117 869 1181 quarum
891 1100 923 1161 ot
945 1096 979 1160 in
1000 1097 1175 1183 tetralogiis
1198 1103 1230 1163 et
1253 1099 1288 1163 in
1309 1100 1383 1164 aliis

225 1203 432 1291 Antiphontis
465 1201 659 1268 orationibus
691 1202 776 1290 haud
807 1225 925 1290 parvus
958 1208 1005 1269 est
1034 1225 1195 1271 numerus.
1226 1205 1384 1273 Graviora

224 1312 375 1378 videntur
407 1311 527 1377 formae
560 1314 591 1375 ct
624 1311 869 1376 constructiones
907 1332 965 1377 nco
993 1312 1121 1378 Ionicae
1150 1334 1209 1378 nec
1230 1312 1382 1400 Atticae,

224 1441 360 1509 quarum
393 1419 539 1506 exempla
570 1418 749 1484 latescente
780 1419 910 1484 demum
946 1418 1124 1486 Graecitate
1157 1421 1382 1508 reperiuntur3

220 1529 302 1595 addo
339 1529 379 1594 iis
411 1549 493 1615 quac
525 1525 760 1592 Herwerdenus
782 1527 928 1614 collegit:
953 1525 1087 1613 χαλεπὸς
1109 1535 1295 1607 γνωσθῆναι
1317 1531 1381 1615 (Α.

221 1661 251 1702 α.
278 1638 321 1722 l),
351 1635 441 1710 ἄξιος
465 1637 669 1700 πιστεύεσθαι
693 1635 755 1720 (Α.
780 1637 810 1720 β.
837 1638 856 1701 3
878 1641 910 1701 ct
933 1638 976 1721 V).
1002 1633 1289 1722 συμβουλεύσαντες
1313 1639 1383 1702 ἐπι·

221 1752 399 1829 τριφθῆναι
434 1746 488 1828 (Γ.
503 1807 506 1812 ,
523 1770 552 1822 γ.
569 1767 571 1771 ’
591 1743 624 1826 5)
648 1765 736 1830 pro:
771 1741 906 1830 χαλεπὸς
929 1749 1069 1829 radunt,
1091 1744 1180 1820 ἄξιος
1204 1749 1379 1821 πιστεύειν,

223 1851 510 1941 συμβουλεύσαντες
531 1848 714 1935 ἐπιτρέψαι.
740 1851 803 1928 Qui
818 1858 933 1918 ,tamen
953 1852 1048 1940 paulo
1071 1854 1111 1918 sit
1120 1854 1311 1940 pertinacior
1321 1855 1384 1920 hoo

221 1963 320 2050 possit
352 1966 539 2048 argumento
575 1960 642 2024 uti:
669 1961 853 2046 tetralogiae
876 1961 1095 2048 conscriptae
1118 1963 1380 2028 suntutrcoita·

221 2075 350 2155 rentur,
372 2067 560 2157 primarium
581 2069 616 2134 in
637 2068 677 2132 iis
699 2073 747 2133 est
769 2068 919 2134 orationis
942 2069 1142 2154 oeconomia,
1168 2075 1382 2156 etargumcn·

220 2184 325 2245 torum
348 2179 501 2244 inventio.
529 2176 615 2252 Quid
636 2178 755 2242 mirum
778 2198 853 2263 crgo
875 2199 985 2244 earum
1007 2181 1168 2243 auctorem
1191 2178 1297 2243 minus
1317 2199 1383 2244 ser·

221 2287 325 2353 monis
356 2287 527 2374 puritatem
551 2283 705 2350 curasse?
727 2284 813 2360 Quid
836 2290 943 2352 autem
965 2286 993 2350 si
1014 2307 1078 2351 non
1100 2286 1141 2352 ab
1163 2284 1382 2372 Antiphonte,

224 2394 279 2460 sed
313 2395 353 2461 ab
387 2394 493 2480 aliquo
527 2393 680 2481 discipulo
714 2414 755 2458 cx
788 2395 857 2480 ejus
889 2393 994 2459 schola
1016 2393 1146 2480 scriptas
1168 2414 1236 2458 esse
1254 2400 1384 2460 conton-

222 2502 361 2568 damus?
394 2501 591 2588 Responderi
622 2501 720 2588 possit
754 2501 877 2567 duobus
907 2491 1124 2588 argumentis,
1147 2522 1228 2588 quac
1249 2501 1383 2570 fortasse

219 2610 380 2677 nonnullis
403 2610 533 2675 subtilia
554 2615 586 2674 et
606 2609 723 2697 pusilla
744 2609 912 2694 videntur,
936 2611 1045 2677 sedin
1067 2611 1185 2676 talibus
1207 2612 1330 2697 causis,
1352 2615 1381 2678 si

219 2718 289 2784 eliis
309 2719 504 2804 argumentis
527 2717 696 2802 accedant,
718 2717 805 2782 haud
828 2718 1040 2806 spernendum
1058 2719 1379 2787 afferuntauxilium.

220 2826 370 2892 Alterum
404 2832 450 2892 cst
483 2843 768 2892 Drnrnneunonnss
792 2826 942 2911 (Hermes
965 2827 1066 2912 XVI,
1090 2831 1110 2893 3
1133 2850 1164 2915 p.
1187 2830 1264 2913 329)
1287 2829 1382 2915 cujus

222 2935 292 3022 ipsa
314 2935 412 3001 verba
433 2934 485 3000 hic
506 2956 644 3021 ponam:
1086 2937 1094 2950 '

265 3048 344 3126 Μήυ
367 3043 492 3108 kommt
516 3042 605 3108 nicht
626 3043 739 3108 vorin
762 3043 824 3108 den
846 3042 958 3110 echten
979 3044 1091 3112 Reden
1111 3045 1166 3111 des
1189 3043 1383 3131 Andocides3

221 3153 256 3218 in
291 3152 393 3219 denen
427 3152 483 3217 des
503 3150 669 3237 Antiphon
692 3151 848 3236 liinfmal,
871 3152 938 3217 und
959 3175 1043 3232 zwar
1066 3154 1111 3219 im
1134 3153 1384 3220 unmittclbaren

221 3260 401 3327 Ansohluss
434 3281 474 3324 en
510 3263 563 3323 καὶ
597 3258 663 3324 und
697 3258 755 3325 ουτ
790 3264 843 3324 καὶ
876 3265 939 3343 μὴν
972 3261 1050 3329 Ant.
1085 3265 1126 3348 V,
1153 3265 1217 3346 44,
1241 3264 1303 3345 91;
1327 3263 1382 3324 καλ

221 3371 284 3450 μὴν
408 3393 441 3446 γε
464 3367 506 3452 V,
531 3369 591 3451 28,
615 3368 675 3451 44,
700 3371 751 3434 92.
775 3367 837 3436 Die
858 3368 1010 3436 Fttlscher
1031 3371 1135 3437 haben
1156 3369 1384 3436 dannatiirlich

220 3476 310 3542 nicht
330 3482 487 3563 gcwusst,
513 3475 579 3542 und
601 3498 635 3542 so
656 3475 728 3541 lieet
751 3498 826 3542 man
849 3478 883 3543 in
905 3478 967 3545 den
989 3479 1209 3565 Tetralogietn
1228 3476 1301 3542 οὐδὲ
1320 3482 1383 3561 μὴν

221 3584 289 3671 (ΙΙ,
324 3612 353 3665 y.
392 3588 442 3672 5),
477 3588 511 3652 in
543 3582 859 3674 pseudo-Andocides
893 3593 963 3652 κατ’
997 3585 1215 3673 Ἀλκιβιάδου
1236 3587 1384 3654 zweimal

219 3691 302 3758 ἀλλὰ
322 3700 395 3778 μήν.
421 3696 452 3781 (5
477 3698 537 3780 15,
561 3697 626 3780 34).
743 3710 745 3714 '

263 3802 412 3870 Alterum
446 3805 506 3870 hoc
535 3808 598 3870 cst:
623 3805 657 3869 in
680 3803 820 3870 oratione
841 3804 945 3892 prima
966 3825 1069 3891 neque
1090 3806 1279 3892 praepositio
1301 3808 1381 3886 μετά

222 3931 326 3998 neque
363 3915 419 3977 συν
453 3913 642 3997 adhibetur,
667 3913 777 3978 sedin
799 3912 993 3978 orationibus
1015 3913 1047 3979 V
1069 3918 1100 3979 et
1123 3914 1174 3979 VI
1197 3915 1380 4002 quindecies

223 4020 339 4108 legitur
361 4022 491 4107 μετά*),
515 4042 691 4109 numquam
715 4024 790 4105 σύος
813 4026 861 4088 est
884 4042 959 4108 ergo
982 4021 1067 4111 quod
1085 4023 1252 4111 suspiceris
1262 4022 1379 4090 harum

264 4213 294 4280 tl)
312 4215 383 4276 μετὰ
402 4219 450 4279 τῆς
469 4214 562 4272 αἰτίας
579 4211 611 4278 V,
627 4215 660 4279 23
678 4214 749 4275 μετὰ
767 4217 816 4279 τῆς
833 4211 970 4280 ἀληθείας
987 4211 1018 4278 V,
1035 4215 1066 4278 λς
1083 4215 1157 4275 μετὰ
1172 4218 1291 4281 χρηστῆς
1307 4212 1380 4265 ctat·

222 4302 271 4362 δσς
288 4301 319 4367 V,
336 4303 385 4365 333
402 4302 474 4362 μετὰ
489 4304 540 4351 τοῦ
559 4301 682 4368 ἀληθοῦς
698 4300 730 4366 V,
747 4303 796 4367 603
813 4303 884 4364 μετὰ
901 4307 951 4367 τῆς
969 4300 1104 4367 ἀληθείας
1121 4300 1153 4364 V,
1170 4303 1215 4365 59;
1233 4302 1305 4362 μετὰ
1322 4301 1378 4352 τῶν

221 4389 309 4450 etuas
334 4388 366 4454 V,
392 4373 439 4454 dt;
465 4391 537 4450 μετὰ
560 4387 610 4439 τοῦ
640 4387 739 4455 χρόνου
756 4387 788 4452 V,
806 4389 852 4452 '113
878 4389 941 4448 μετ’
962 4388 1044 4455 ὀργῆς
1062 4388 1108 4438 καὶ
1127 4387 1263 4452 διαβολῆς
1279 4386 1312 4450 V,
1330 4389 1379 4452 723

221 4480 292 4540 μετὰ
317 4483 366 4542 τῆς
383 4476 489 4534 πόλεως
506 4475 571 4541 ὅλης
588 4474 620 4541 V,
637 4477 682 4540 763
701 4473 767 4526 idam
783 4474 815 4537 V,
832 4475 880 4539 ‘193
907 4477 979 4538 μετὰ
997 4480 1046 4542 τῆς
1064 4473 1155 4526 αὑτῶν
1173 4481 1264 4540 ψυχῆς
1280 4473 1312 4538 V,
1329 4475 1380 4538 82;

220 4566 259 4632 τῷ
278 4563 366 4630 χρόνῳ
384 4563 452 4625 μεθ’
470 4546 502 4613 υἷι
519 4560 551 4626 V,
568 4563 614 4627 863
641 4563 691 4612 τοῦ
713 4553 947 4627 ὗπογραμμοιτλυς
965 4563 1032 4624 μεθ’
1051 4547 1136 4629 οὗπερ
1155 4562 1210 4628 VI,
1227 4564 1276 4626 35;
1294 4561 1378 4624 ἑστὼς

221 4650 282 4712 μετ’
301 4651 365 4712 ἐμοῦ
388 4650 423 4701 VI
433 4686 440 4712 ,
456 4652 504 4712 403
522 4651 592 4711 μετὰ
611 4655 660 4716 τῆς
679 4649 782 4714 βουλῆς
799 4648 853 4712 VI,
868 4651 909 4702 45.
